@Article{Ackermann:ReelleZahlen,
author="Ackermann, W.",
title="Zum {H}ilbertschen {A}ufbau der reellen {Z}ahlen",
journal="Math. Ann.",
year="1928",
volume="99",
pages="118--133",
optkeywords="ackermann-function",
optkeywords="original-ackermann-function",
optlocation="Henryk Trappmann (henryk@pool.math.tu-berlin.de)",
optnote="exported from refbase (http://eretrandre.org/rb/show.php?record=126), last updated on Sun, 22 Nov 2009 18:56:34 +0100",
opturl="http://eretrandre.org/rb/files/Ackermann1928_126.pdf",
opturl=""
}

@Article{ref0927.37021,
author="Aldrovandi, R.
and Freitas, L.P.",
title="Continuous iteration of dynamical maps",
journal="J. Math. Phys.",
year="1998",
volume="39",
number="10",
pages="5324--5336",
optlocation="Henryk Trappmann (henryk@pool.math.tu-berlin.de)",
optnote="exported from refbase (http://eretrandre.org/rb/show.php?record=196), last updated on Sat, 12 Sep 2009 21:56:24 +0200",
opturl="http://arxiv.org/abs/physics/9712026"
}

@Book{Anderson:Entailment,
author="Anderson, Alan Ross
and Belnap, Nuel D.jun.",
editor="Dunn, M.
and Meyer, R.K.",
title="Entailment. {T}he logic of relevance and necessity",
year="1975",
publisher="Princeton University Press",
optkeywords="bibtex-import",
optlocation="Henryk Trappmann (henryk@pool.math.tu-berlin.de)",
optnote="exported from refbase (http://eretrandre.org/rb/show.php?record=179), last updated on Sun, 22 Nov 2009 21:41:01 +0100"
}

@Book{Anderson:Entailment2,
author="Anderson, Alan Ross
and Belnap, Nuel D.jun.
and Dunn, J.Michael",
title="Entailment. {T}he logic of relevance and necessity.",
year="1992",
publisher="Princeton University Press",
optkeywords="bibtex-import",
optlocation="Henryk Trappmann (henryk@pool.math.tu-berlin.de)",
optnote="exported from refbase (http://eretrandre.org/rb/show.php?record=182), last updated on Sun, 22 Nov 2009 21:43:32 +0100"
}

@Article{Apostol:2000:Calculating,
author="Apostol, T.M.",
title="Calculating higher derivatives of inverses",
journal="Am. Math. Mon.",
year="2000",
volume="107",
number="8",
pages="738--741",
optkeywords="file-import-09-03-23",
optkeywords="formulas",
optkeywords="functions",
optkeywords="inverse",
optkeywords="reynolds",
optlocation="Henryk Trappmann (henryk@pool.math.tu-berlin.de)",
optnote="exported from refbase (http://eretrandre.org/rb/show.php?record=24), last updated on Tue, 26 May 2009 02:27:01 +0200",
doi="10.2307/2695472",
opturl="http://eretrandre.org/rb/files/Apostol2000_24.pdf",
opturl=""
}

@Article{ref0874.26005,
author="Ash, J.M.",
title="The limit of $x\sp{x\sp{.\sp{.\sp{.\sp{x}}}}}$ as $x$ tends to zero",
journal="Math. Mag.",
year="1996",
volume="69",
number="3",
pages="207--209",
optkeywords="l{\textquoteright}Hopital{\textquoteright}s rule",
optkeywords="exponential limits",
optkeywords="iterated exponentials",
abstract="The author shows that, for an even number of exponents, the limit of $x^{x^{.^{.^{.^{x}}}}}$ is 1, and that, for an odd number of exponents, the limit is zero.",
optlocation="Henryk Trappmann (henryk@pool.math.tu-berlin.de)",
optnote="exported from refbase (http://eretrandre.org/rb/show.php?record=252), last updated on Sun, 18 Apr 2010 23:20:43 +0200"
}

@Article{Ash:TheLimit,
author="Ash, M.J.",
title="The limit of $x\sp{x\sp{.\sp{.\sp{.\sp{x}}}}}$ as $x$ tends to zero",
journal="Math. Mag.",
year="1996",
volume="69",
number="3",
pages="207--209",
optkeywords="bibtex-import",
optlocation="Henryk Trappmann (henryk@pool.math.tu-berlin.de)",
optnote="exported from refbase (http://eretrandre.org/rb/show.php?record=155), last updated on Tue, 26 May 2009 00:15:28 +0200",
opturl="http://eretrandre.org/rb/files/Ash1996_155.pdf",
opturl=""
}

@Article{ref54.0602.05,
author="Baer, R.",
title="{I}sotopie von {K}urven auf orientierbaren, geschlossenen {F}l{\"a}chen und ihr {Z}usamenhang mit der topologischen {D}eformation der {F}l{\"a}chen",
journal="J. f. M.",
year="1928",
volume="159",
pages="101--116",
abstract="In einer fr{\"u}heren Arbeit (1927; F. d. M. 53, 547 (JFM 53.0547.*)) hat Verf. Invarianten der Typen homotoper, d. h. eindeutig und stetig ineinander deformierbarer Kurven auf geschlossenen, orientierbaren Fl{\"a}chen vom Geschlecht $p \geqq 2$ aufgestellt. In der vorliegenden Arbeit behandelt Verf. dieselbe Frage f{\"u}r Klassen doppelpunktfreier isotoper, d. h. eineindeutig und stetig ineinander deformierbarer Kurven. Verf. zeigt auf Grund einiger Hilfss{\"a}tze, die von der Einbettung von Kurven in Ringbereicbe und",
optlocation="Henryk Trappmann (henryk@pool.math.tu-berlin.de)",
optnote="exported from refbase (http://eretrandre.org/rb/show.php?record=192), last updated on Sun, 22 Nov 2009 08:23:37 +0100",
opturl="http://eretrandre.org/rb/files/Baer1928_192",
opturl=""
}

@Article{Bajraktarevic,
author="Bajraktarevi{\'c}, M.",
title="Sur les it{\'e}r{\'e}s continues et leur application {\`a} la recherche des fonctions limites de certaines suites it{\'e}r{\'e}es",
journal="Acad. Serbe Sci. Publ. Inst. Math.",
year="1955",
volume="8",
pages="13--22",
optkeywords="bibtex-import",
optlocation="Henryk Trappmann (henryk@pool.math.tu-berlin.de)",
optnote="exported from refbase (http://eretrandre.org/rb/show.php?record=140), last updated on Sun, 22 Nov 2009 21:44:50 +0100"
}

@Article{ref0113.28302_2,
author="Baker, I.N.",
title="Permutable power series and regular iteration",
journal="J. Aust. Math. Soc.",
year="1962",
volume="2",
pages="265--294",
optkeywords="complex functions",
optlocation="Henryk Trappmann (henryk@pool.math.tu-berlin.de)",
optnote="exported from refbase (http://eretrandre.org/rb/show.php?record=249), last updated on Sun, 18 Apr 2010 19:22:28 +0200",
doi="10.1017/S1446788700026884"
}

@Article{ref0644.30014,
author="Baker, I.N.
and Rippon, P.J.",
title="Towers of exponents and other composite maps",
journal="Complex Variables, Theory Appl.",
year="1989",
volume="12",
number="1-4",
pages="181--200",
optkeywords="iterates",
optkeywords="composite maps",
optkeywords="exponential map",
abstract="Given a region D and a sequence of maps $f\sb n: D\to D$ set $$\phi$ \sb n=f\sb 1\circ f\sb 2\circ...\circ f\sb n$. The authors give various conditions under which the sequence $$\phi$ \sb n$ is locally uniformly convergent in D to a constant limit. The case when D is the unit disc and all $f\sb n$ are the same is the well known theorem of Wolff and Denjoy. The theorems are applied to the special case of {\textquoteleft}{\textquoteleft}towers of exponents{\textquoteright}{\textquoteright}, that is the convergence of $$\phi$ \sb n(0)$ when each $$ f\sb n(z) = \exp (a\sb nz) $$ for some complex constant $a\sb n$. It is known that $$\phi$ \sb n(0)$ converges if all $a\sb n$ belong to the real segment [-e,1/e] [{\it D. F. Barrow}, Am. Math. Mon. 43, 150-160 (1936; Zbl 0013.25401)] or if all $a\sb n$ belong to the closed disc \=D(0,1/e) [{\it W. J. Thron}, Proc. Am. Math. Soc. 8, 1040-1043 (1958; Zbl 0081.057)]. The authors obtain some larger sets for which the sequence $$\phi$ \sb n(0)$ converges and also obtain some limitations on the sets for which convergence can occur.",
optlocation="Henryk Trappmann (henryk@pool.math.tu-berlin.de)",
optnote="exported from refbase (http://eretrandre.org/rb/show.php?record=234), last updated on Thu, 01 Apr 2010 23:40:32 +0200"
}

@Article{ref0705.33001,
author="Baker, I.N.
and Rippon, P.J.",
title="Iterating exponential functions with cyclic exponents",
journal="Math. Proc. Camb. Philos. Soc.",
year="1989",
volume="105",
number="2",
pages="357--375",
optkeywords="iterate",
optkeywords="exponent",
abstract="Let (1) $[a\sb 1,a\sb 2,...,a\sb n]=f\sb{a\sb 1}\circ f\sb{a\sb 2}\circ...\circ f\sb{a\sb n}$, where $a\sb i&gt;0$ and $f\sb a(x)=a\sp x$. Suppose that the (infinite) sequence $(a\sb n)$ has period k. It is shown that then (1) $[a\sb 1,a\sb 2,...,a\sb n]$ is a convergent sequence if and only if a unique representation of the numbers (2) $b\sb n=\log a\sb n$, $n=1,2,...,k$, in the form $b\sb 1=t\sb 1e\sp{-t\sb 2},b\sb 2=t\sb 2e\sp{-t\sb 3},...,b\sb k=t\sb ke\sp{-t\sb 1}$, where $\vert t\sb 1t\sb 2...t\sb k\vert \le 1$. This result is used to discuss the set of $(b\sb 1,...,b\sb k)$ in $R\sp k$ such that (1) is a convergent sequence, given (2). In particular, if $b\sb n\in [-e,e\sp{-1}]$, $1\le n\le k$, then (1) converges. The paper concludes with a proof of the result of {\it D. F. Barrow}, Am. Math. Mon. 43, 150-160 (1936; Zbl 0013.25401), that if $a\sb n=\exp (b\sb n)$ and $b\sb n$ is any (not necessarily periodic) sequence in $[-e,e\sp{-1}]$, then (1) converges.",
optlocation="Henryk Trappmann (henryk@pool.math.tu-berlin.de)",
optnote="exported from refbase (http://eretrandre.org/rb/show.php?record=254), last updated on Sun, 18 Apr 2010 23:29:25 +0200",
doi="10.1017/S0305004100067852"
}

@Article{ref0605.30027,
author="Baker, I.N.
and Rippon, P.J.",
title="A note on complex iteration",
journal="Am. Math. Mon.",
year="1985",
volume="92",
pages="501--504",
optkeywords="exponentials",
optkeywords="file-import-09-03-24",
abstract="The paper gives a fairly elementary proof of the fact that the sequence $w\sb n$ defined, for given complex a by $w\sb 0=0$, $w\sb{n+1}=\exp (aw\sb n)$, converges to a limit different from each of its terms only if a lies in the closure of a cardioid $D=\{te\sp{-t}$; $\vert t\vert &lt;1\}$, while the sequence certainly does converge if a belongs to D.",
optlocation="Henryk Trappmann (henryk@pool.math.tu-berlin.de)",
optnote="exported from refbase (http://eretrandre.org/rb/show.php?record=7), last updated on Sun, 11 Oct 2009 10:21:34 +0200",
doi="10.2307/2322513",
opturl="http://www.zentralblatt-math.org/zmath/en/advanced/?q=an:0605.30027"
}

@Article{ref0558.30029,
author="Baker, I.N.
and Rippon, P.J.",
title="Iteration of exponential functions",
journal="Ann. Acad. Sci. Fenn., Ser. A I",
year="1984",
volume="9",
pages="49--77",
optkeywords="exponential",
optkeywords="fatou-set",
optkeywords="file-import-09-03-24",
optkeywords="fixed-point",
optkeywords="iterate",
optkeywords="julia-set",
optkeywords="wandering-domain",
abstract="Denote the nth iterate of the entire or rational map f by $f\sp n$, $n\in {\bbfN}$, and the set of points where $(f\sp n)$ is a normal family by N(f). The complement of N(f) is the Julia set J(f). The map f permutes the components of N(f). This study concerns the family of functions $f(z)=e\sp{az},$ where a is a complex parameter. This family is a transcendental analogue of the family $z\sp 2+c$, studied by {\it A. Douady} and {\it J. H. Hubbard}, C. R. Acad. Sci., Paris S{\'e}r. I 294, 123-125 (1982; Zbl 0483.30014), (because in each case the inverse map has one finite singularity). A basic result of the work is the proof, using a method of D. Sullivan, that for f in this class there are no wandering components of N(f), that is, every component of N(f) eventually maps under f into a periodic component. \par For functions $f(z)=e\sp{az}$ of the given class there is at most one natural number p such that f has an attractive cycle of periodic points of period p. Denote the set of a for which this is the case by $D\sb p$. It is shown that $D\sb 1$ and $D\sb 2$ are connected and a study shows the intricate way in which the many components of the $D\sb p$, $p&gt;2$, are arranged in the a-plane. Many examples are given where $J(e\sp{az})={\bbfC}$, for example all real $a&gt;1/e$ and also a dense subset of $\partial D\sb 1$.",
optlocation="Henryk Trappmann (henryk@pool.math.tu-berlin.de)",
optnote="exported from refbase (http://eretrandre.org/rb/show.php?record=5), last updated on Sun, 22 Nov 2009 11:44:43 +0100",
opturl="http://www.zentralblatt-math.org/zmath/en/advanced/?q=an:0558.30029"
}

@Article{ref0134.05402,
author="Baker, Irvine N.",
title="Fractional iteration near a fixpoint of multiplier 1",
journal="J. Aust. Math. Soc.",
year="1964",
volume="4",
pages="143--148",
optkeywords="complex",
optkeywords="file-import-09-03-19",
optkeywords="functions",
optlocation="Henryk Trappmann (henryk@pool.math.tu-berlin.de)",
optnote="exported from refbase (http://eretrandre.org/rb/show.php?record=103), last updated on Sun, 11 Oct 2009 10:15:16 +0200",
opturl="http://www.zentralblatt-math.org/zmath/en/advanced/?q=an:0134.05402"
}

@Article{ref0113.28302,
author="Baker, Irvine N.",
title="Permutable power series and regular iteration",
journal="J. Aust. Math. Soc.",
year="1962",
volume="2",
number="3",
pages="265--294",
optkeywords="complex-functions",
abstract="When do the regular formal iterates have non-zero convergence radius?",
optlocation="Henryk Trappmann (henryk@pool.math.tu-berlin.de)",
optnote="exported from refbase (http://eretrandre.org/rb/show.php?record=53), last updated on Wed, 09 Dec 2009 20:55:14 +0100",
doi="10.1017/S1446788700026884",
opturl="http://www.zentralblatt-math.org/zmath/en/advanced/?q=an:0113.28302",
opturl="http://eretrandre.org/rb/files/Baker1962_53.pdf",
opturl=""
}

@Article{Baker:Zusammensetzungen,
author="Baker, Irvine N.",
title="{Z}usammensetzungen ganzer {F}unktionen",
journal="Math. Z.",
year="1958",
volume="69",
pages="121--163",
optkeywords="bibtex-import",
abstract="Satz 17: the regular iteration of e^z-1 is only convergent for integer iterates.",
optlocation="Henryk Trappmann (henryk@pool.math.tu-berlin.de)",
optnote="exported from refbase (http://eretrandre.org/rb/show.php?record=151), last updated on Sun, 22 Nov 2009 08:22:40 +0100",
opturl="http://www.zentralblatt-math.org/zmath/en/advanced/?q=an:0178.07502",
opturl="http://eretrandre.org/rb/files/Baker1958_151.pdf",
opturl=""
}

@Article{Baker55,
author="Baker, Irvine N.",
title="The iteration of entire transcendental functions and the solution of the functional equation $f\{f(z)\}=F(z)$",
journal="Math. Ann.",
year="1955",
volume="129",
pages="174--180",
optkeywords="complex",
optkeywords="file-import-09-03-19",
optkeywords="functions",
optlocation="Henryk Trappmann (henryk@pool.math.tu-berlin.de)",
optnote="exported from refbase (http://eretrandre.org/rb/show.php?record=104), last updated on Sun, 11 Oct 2009 10:18:31 +0200",
doi="10.1007/BF01362363",
opturl="http://www.zentralblatt-math.org/zmath/en/advanced/?q=an:0064.07102",
opturl="http://eretrandre.org/rb/files/Baker1955_104.pdf",
opturl=""
}

@Article{ref0419.30025,
author="Baker, Irvine N.
and Pommerenke, Christian",
title="On the iteration of analytic functions in a half-plane II",
journal="J. Lond. Math. Soc., II. Ser.",
year="1979",
volume="20",
pages="255--258",
optkeywords="analytic",
optkeywords="angle",
optkeywords="file-import-09-03-19",
optkeywords="functions",
optkeywords="iteration",
optkeywords="of",
optkeywords="stolz",
optlocation="Henryk Trappmann (henryk@pool.math.tu-berlin.de)",
optnote="exported from refbase (http://eretrandre.org/rb/show.php?record=94), last updated on Sun, 11 Oct 2009 10:19:51 +0200",
doi="10.1112/jlms/s2-20.2.255",
opturl="http://www.zentralblatt-math.org/zmath/en/advanced/?q=an:0419.30025"
}

@Article{balibrea:2003:iteration,
author="Balibrea, F.
and Reich, L.
and Sm{\'i}tal, J.",
title="Iteration theory: dynamical systems and functional equations",
journal="Internat. J. Bifur. Chaos Appl. Sci. Engrg.",
year="2003",
volume="13",
number="7",
pages="1627--1647",
optlocation="Henryk Trappmann (henryk@pool.math.tu-berlin.de)",
optnote="Dynamical systems and functional equations (Murcia, 2000)",
optnote="exported from refbase (http://eretrandre.org/rb/show.php?record=188), last updated on Sun, 22 Nov 2009 08:16:27 +0100",
issn="0218-1274"
}

@Article{Banaschewski:VervollstaendigungGeordneterGruppen,
author="Banaschewski, B.",
title="{\"U}ber die {V}ervollst{\"a}ndigung geordneter {G}ruppen",
journal="Math. Nachr.",
year="1957",
volume="16",
pages="51--71",
optkeywords="bibtex-import",
optlocation="Henryk Trappmann (henryk@pool.math.tu-berlin.de)",
optnote="exported from refbase (http://eretrandre.org/rb/show.php?record=164), last updated on Sun, 22 Nov 2009 21:46:30 +0100"
}

@Article{ref0493.06002,
author="Banaschewski, B.
and Nelson, E.",
title="Completions of partially ordered sets",
journal="SIAM J. Comput.",
year="1982",
volume="11",
pages="521--528",
optkeywords="completions",
optkeywords="file-import-09-03-21",
optkeywords="order-preserving-map",
optkeywords="subset-systems",
optkeywords="union-complete",
optkeywords="universal-map",
optkeywords="z-complete",
optkeywords="z-continuous",
optlocation="Henryk Trappmann (henryk@pool.math.tu-berlin.de)",
optnote="exported from refbase (http://eretrandre.org/rb/show.php?record=51), last updated on Mon, 25 May 2009 23:32:50 +0200",
doi="10.1137/0211041"
}

@Article{Baron:01:recent,
author="Baron, K.
and Jarczyk, W.",
title="Recent results on functional equations in a single variable, perspectives and open problems",
journal="Aequationes Math.",
year="2001",
volume="61",
number="1-2",
pages="1--48",
optkeywords="abel",
optkeywords="and",
optkeywords="cauchy",
optkeywords="complex",
optkeywords="daroczy",
optkeywords="dilatation",
optkeywords="equation",
optkeywords="equations",
optkeywords="feigenbaum",
optkeywords="file-import-09-03-19",
optkeywords="functional",
optkeywords="functions",
optkeywords="inequalities",
optkeywords="integrated",
optkeywords="iterative",
optkeywords="linear",
optkeywords="real",
optkeywords="replicative",
optkeywords="research",
optkeywords="roots",
optkeywords="schilling",
optkeywords="schrder",
optkeywords="set-valued",
optkeywords="simultaneous",
optkeywords="survey",
optlocation="Henryk Trappmann (henryk@pool.math.tu-berlin.de)",
optnote="exported from refbase (http://eretrandre.org/rb/show.php?record=99), last updated on Tue, 26 May 2009 00:19:59 +0200",
doi="10.1007/s000100050159",
opturl="http://eretrandre.org/rb/files/Baron2001_99.pdf",
opturl=""
}

@Article{ref0136.01204,
author="Baumslag, G.",
title="On free $\cal D$-groups",
journal="Commun. Pure Appl. Math.",
year="1965",
volume="18",
pages="25--30",
optkeywords="group theory",
optlocation="Henryk Trappmann (henryk@pool.math.tu-berlin.de)",
optnote="exported from refbase (http://eretrandre.org/rb/show.php?record=237), last updated on Sun, 18 Apr 2010 17:41:16 +0200"
}

@Article{ref0178.34901,
author="Baumslag, G.",
title="Some aspects of groups with unique roots",
journal="Acta Math.",
year="1960",
volume="104",
pages="217--303",
optkeywords="group theory",
optlocation="Henryk Trappmann (henryk@pool.math.tu-berlin.de)",
optnote="exported from refbase (http://eretrandre.org/rb/show.php?record=236), last updated on Sun, 18 Apr 2010 17:33:08 +0200",
opturl="http://eretrandre.org/rb/files/Baumslag1960_236.pdf",
opturl=""
}

@Article{ref1011.20041,
author="Baumslag, G.
and Myasnikov, A.
and Remeslennikov, V.",
title="Discriminating completions of hyperbolic groups",
journal="Geom. Dedicata",
year="2002",
volume="92",
pages="115--143",
optkeywords="hyperbolic groups",
optkeywords="completions",
optkeywords="discrimination",
optkeywords="algebraic geometry over groups",
optkeywords="unitary Abelian groups",
optkeywords="group actions",
abstract="Let $A$ be an additively written Abelian group. The authors of the paper under review call a group $G$ an $A$-group if it comes equipped with an action of $A$ on $G$ which mimics the way in which $\bbfZ$ acts on any group. More precisely, they call $A$ unitary if it comes equipped with a distinguished nonzero element, which denoted by 1. A typical example of a unitary Abelian group is the additive group $A^+$ of a unitary ring $A$ with the ring identity as the distinguished element. A group $H$ is termed an $A$-group if it comes equipped with a function $H\times A\to H$: $(h,$\alpha$)\mapsto h^$\alpha$$ satisfying the following conditions for arbitrary $g,h\in H$ and $$\alpha$,$\beta$\in A$: $$h^1=h,\quad h^{$\alpha$+$\beta$}=h^$\alpha$ h^$\beta$,\quad g^{-1}h^$\alpha$ g=(g^{-1}hg)^$\alpha$,$$ and if $g$ and $h$ commute, $(gh)^$\alpha$=g^$\alpha$ h^$\alpha$$. In the event that $A$ is a unitary ring it is also assumed that $h^{$\alpha$$\beta$}=(h^$\alpha$)^$\beta$$.\par The most well-known, nontrivial, examples of $A$-groups are those in which $A$ is a binomial ring [{\it P. Hall}, Nilpotent groups. Queen Mary College Mathematics Notes. London: Queen Mary College (1969; Zbl 0211.34201)], the field $\bbfQ$ of rational numbers [{\it G. Baumslag}, Acta Math. 104, 217-303 (1960; Zbl 0178.34901)] and the ring $\bbfZ[x]$ of integral polynomials in a single variable $x$, introduced by {\it R. C. Lyndon} [in Trans. Am. Math. Soc. 96, 518-533 (1960; Zbl 0108.02501)]. A detailed investigation of $A$-groups when $A$ is a unitary ring has recently been carried out by {\it A. G. Myasnikov} and {\it V. N. Remeslennikov} [in Sib. Mat. Zh. 35, No. 5, 1106-1118 (1994; Zbl 0851.20050)]. They termed such groups {\textquoteleft}exponential groups{\textquoteright} and in the paper under review their terminology has been expanded to include the case of unitary Abelian groups. For every such group $G$ and $A$ there exists an $A$-exponential group $G^A$ which is the $A$-completion of $G$.\par We refer to the paper to see the definitions and results, since there are much more things in the paper than to reproduce here, the reviewer only states the following result which is indicated in the abstract of the paper: if $G$ is a torsion-free hyperbolic group and if $A$ is a torsion-free Abelian group, then the Lyndon type completion $G^A$ of $G$ is $G$-discriminated by $G$. This implies various model-theoretic and algorithmic results about $G^A$.",
optlocation="Henryk Trappmann (henryk@pool.math.tu-berlin.de)",
optnote="exported from refbase (http://eretrandre.org/rb/show.php?record=258), last updated on Sun, 18 Apr 2010 23:44:25 +0200",
doi="10.1023/A:1019687202544"
}

@TechReport{bell06:counting,
author="Bell, J.P.
and Burris, S.N.
and Yeats, K.A.",
title="Counting rooted trees: the universal law $t(n)\,\sim\,C \rho^{-n} n^{-3/2}$",
year="2006",
optkeywords="file-import-09-03-21",
optlocation="Henryk Trappmann (henryk@pool.math.tu-berlin.de)",
optnote="exported from refbase (http://eretrandre.org/rb/show.php?record=66), last updated on Sun, 22 Nov 2009 11:30:49 +0100",
issn="1077-8926",
opturl="http://eretrandre.org/rb/files/Bell2006_66.pdf",
opturl=""
}

@Article{Bennett:1914:Set,
author="Bennett, A.A.",
title="A set of postulates for a general field admitting addition, multiplication, and an operation of the third grade",
journal="Amer. M. S. Bull. (2)",
year="1914",
volume="20",
optkeywords="bibtex-import",
optlocation="Henryk Trappmann (henryk@pool.math.tu-berlin.de)",
optnote="exported from refbase (http://eretrandre.org/rb/show.php?record=154), last updated on Tue, 26 May 2009 01:24:08 +0200",
opturl="http://eretrandre.org/rb/files/Bennett1914_154.pdf",
opturl=""
}

@Article{bennett:1915:iteration,
author="Bennett, Albert A.",
title="The iteration of functions of one variable",
journal="Ann. Math. (2)",
year="1915",
volume="17",
pages="23--60",
optkeywords="file-import-09-03-19",
optlocation="Henryk Trappmann (henryk@pool.math.tu-berlin.de)",
optnote="exported from refbase (http://eretrandre.org/rb/show.php?record=86), last updated on Sun, 22 Nov 2009 11:43:09 +0100",
opturl="http://eretrandre.org/rb/files/Bennett1915_86.pdf",
opturl=""
}

@Article{bennett:1915:note,
author="Bennett, Albert A.",
title="Note on an operation of the third grade",
journal="Ann. Math. (2)",
year="1915",
volume="17",
number="2",
pages="74--75",
optkeywords="bibtex-import",
optlocation="Henryk Trappmann (henryk@pool.math.tu-berlin.de)",
optnote="exported from refbase (http://eretrandre.org/rb/show.php?record=153), last updated on Sun, 22 Nov 2009 11:12:38 +0100",
opturl="http://eretrandre.org/rb/files/Bennett1915_153.pdf",
opturl=""
}

@Article{beranek:1990:tabors,
author="Ber{\'a}nek, J.
and Chvalina, J.",
title="On {T}abor{\textquoteright}s problem concerning a certain quasi-ordering of iterative roots of functions",
journal="Aequationes Math.",
year="1990",
volume="39",
number="1",
pages="1--5",
optkeywords="file-import-09-03-21",
optkeywords="iterate",
optkeywords="iterative-roots",
optkeywords="quasi-ordering",
optkeywords="selfmapping",
optlocation="Henryk Trappmann (henryk@pool.math.tu-berlin.de)",
optnote="exported from refbase (http://eretrandre.org/rb/show.php?record=41), last updated on Sun, 22 Nov 2009 11:57:45 +0100",
doi="10.1007/BF01833938",
opturl="http://eretrandre.org/rb/files/Beranek1990_41.pdf",
opturl=""
}

@Article{ref0736.39001,
author="Berg, L.",
title="Asymptotic properties of the solutions of the translation equation",
journal="Result. Math.",
year="1991",
volume="20",
number="1-2",
pages="424--430",
optkeywords="asymptotic-relations",
optkeywords="continuous-iteration-group",
optkeywords="differentiable-solutions",
optkeywords="file-import-09-03-21",
optkeywords="iterates-of-exponential-function",
optkeywords="numerical-data",
optkeywords="translation-equation",
optlocation="Henryk Trappmann (henryk@pool.math.tu-berlin.de)",
optnote="exported from refbase (http://eretrandre.org/rb/show.php?record=48), last updated on Mon, 25 May 2009 23:32:50 +0200"
}

@Article{ref0714.30027,
author="Bhattacharya, P.
and Singh, I.R.",
title="On the iteration of $f(z)=e^{(1/4)\{z-(l/z)\}}$",
journal="Math. Stud.",
year="1990",
volume="58",
number="1-2",
pages="122--128",
optkeywords="iterations",
optkeywords="Fatou set",
optkeywords="Julia set",
optkeywords="domain of normality",
abstract="Let F be regular in the complex sphere punctured at 0 and $\infty$. Suppose that it has an essential singularity at $\infty$, a singularity at 0, and omits the values 0 and $\infty$ except possibly at 0. The authors prove that if there exists an unbounded component $G\sb 0$ of the complement C(F) of the Julia set $F=F(f)$ then all components of C(F) except $G\sb 0$ are simply connected. If moreover $G\sb 0$ is multiply connected then it is completely invariant under f. They also show that the function f mentioned in the title, which clearly satisfies all the above conditions, has an unbounded multiply connected domain of normality.",
optlocation="Henryk Trappmann (henryk@pool.math.tu-berlin.de)",
optnote="exported from refbase (http://eretrandre.org/rb/show.php?record=261), last updated on Mon, 19 Apr 2010 00:01:03 +0200"
}

@Article{ref0535.03018,
author="Blakley, G.R.
and Borosh, I.",
title="Modular arithmetic of iterated powers",
journal="Comput. Math. Appl.",
year="1983",
volume="9",
pages="567--581",
optkeywords="arrow",
optkeywords="compositions",
optkeywords="file-import-09-03-21",
optkeywords="function",
optkeywords="krata",
optkeywords="non-primitive",
optkeywords="nonassociative",
optkeywords="periodicity",
optkeywords="recursive",
optlocation="Henryk Trappmann (henryk@pool.math.tu-berlin.de)",
optnote="exported from refbase (http://eretrandre.org/rb/show.php?record=79), last updated on Mon, 25 May 2009 23:32:50 +0200",
doi="10.1016/0898-1221(83)90114-1"
}

@Article{ref0419.03025,
author="Blakley, G.R.
and Borosh, I.",
title="{K}nuth{\textquoteright}s iterated powers",
journal="Adv. Math.",
year="1979",
volume="34",
pages="109--136",
optkeywords="file-import-09-03-21",
optkeywords="function",
optkeywords="functions",
optkeywords="knuths",
optkeywords="krata",
optkeywords="kratic",
optkeywords="nontrivial",
optkeywords="numbers",
optkeywords="power",
optkeywords="recursive",
optkeywords="representation",
optkeywords="with",
optlocation="Henryk Trappmann (henryk@pool.math.tu-berlin.de)",
optnote="exported from refbase (http://eretrandre.org/rb/show.php?record=64), last updated on Sun, 22 Nov 2009 11:58:40 +0100",
doi="10.1016/0001-8708(79)90052-5"
}

@Article{blondel:1998:structured,
author="Blondel, V.D.",
title="Structured numbers: {P}roperties of a hierarchy of operations on binary trees",
journal="Acta Informatica",
year="1998",
volume="35",
number="1",
pages="1--15",
optkeywords="non-associative",
optkeywords="numbers",
optlocation="Henryk Trappmann (henryk@pool.math.tu-berlin.de)",
optnote="exported from refbase (http://eretrandre.org/rb/show.php?record=113), last updated on Sun, 22 Nov 2009 21:48:09 +0100",
opturl="http://citeseerx.ist.psu.edu/viewdoc/summary?doi=10.1.1.55.5558",
opturl="http://eretrandre.org/rb/files/Blondel1998_113.pdf",
opturl=""
}

@Article{MR2213301,
author="Bludov, V.V.",
title="On the completion of linearly ordered groups",
journal="Algebra Logika",
year="2005",
volume="44",
number="6",
optkeywords="file-import-09-03-21",
optlocation="Henryk Trappmann (henryk@pool.math.tu-berlin.de)",
optnote="exported from refbase (http://eretrandre.org/rb/show.php?record=49), last updated on Mon, 25 May 2009 23:32:50 +0200"
}

@Article{bludov:1974:completion,
author="Bludov, V.V.
and Medvedev, N.Y.",
title="On the completion of ordered metabelian groups",
journal="Algebra Logic",
year="1974",
volume="13",
pages="207--209",
optkeywords="file-import-09-03-21",
optlocation="Henryk Trappmann (henryk@pool.math.tu-berlin.de)",
optnote="exported from refbase (http://eretrandre.org/rb/show.php?record=40), last updated on Tue, 26 May 2009 01:34:33 +0200",
doi="10.1007/BF01463137",
opturl="http://eretrandre.org/rb/files/Bludov1974_40.pdf",
opturl=""
}

@Article{Boedewadt:Iteration,
author="B{\"o}dewadt, U.T.",
title="Zur {I}teration reeller {F}unktionen",
journal="Math. Z.",
year="1944",
volume="49",
pages="497--516",
optkeywords="and",
optkeywords="bibtex-import",
optkeywords="differentiation",
optkeywords="integration",
optlocation="Henryk Trappmann (henryk@pool.math.tu-berlin.de)",
optnote="exported from refbase (http://eretrandre.org/rb/show.php?record=135), last updated on Sun, 22 Nov 2009 21:49:20 +0100"
}

@Article{ref0028.35103,
author="B{\"o}dewadt, U.T.",
title="Zur Iteration reeller Funktionen",
journal="Math. Z.",
year="1944",
volume="49",
pages="497--516",
optkeywords="Differentiation and integration",
optlocation="Henryk Trappmann (henryk@pool.math.tu-berlin.de)",
optnote="exported from refbase (http://eretrandre.org/rb/show.php?record=246), last updated on Sun, 18 Apr 2010 19:02:41 +0200",
doi="10.1007/BF01174213",
opturl="http://eretrandre.org/rb/files/Boedewadt1944_246.pdf",
opturl=""
}

@Article{MR0244327,
author="Bollman, D.",
title="Formal nonassociative number theory",
journal="Notre Dame J. Formal Logic",
year="1967",
volume="8",
pages="9--16",
optkeywords="file-import-09-03-21",
optkeywords="non-associative",
optkeywords="numbers",
optlocation="Henryk Trappmann (henryk@pool.math.tu-berlin.de)",
optnote="exported from refbase (http://eretrandre.org/rb/show.php?record=60), last updated on Mon, 25 May 2009 23:32:50 +0200"
}

@Article{MR0317938,
author="Bollman, D.
and Laplaza, M.",
title="A set-theoretic model for nonassociative number theory",
journal="Notre Dame J. Formal Logic",
year="1973",
volume="14",
pages="107--110",
optkeywords="file-import-09-03-21",
optkeywords="non-associative",
optkeywords="numbers",
optlocation="Henryk Trappmann (henryk@pool.math.tu-berlin.de)",
optnote="exported from refbase (http://eretrandre.org/rb/show.php?record=59), last updated on Mon, 25 May 2009 23:32:50 +0200"
}

@Article{boettcher:1904:hauptsaechliche,
author="B{\"o}ttcher, L.E.",
title="Haupts{\"a}chliche {G}esetze der {K}onvergenz der {I}terationen und deren analytische {A}nwendungen",
journal="Kasan Ges. (2)",
year="1904",
volume="13",
number="1",
pages="1--37;  Nr. 2, 155",
abstract="Der Verf. hat schon mehrere Arbeiten &quot;uber Iterationen ver&quot;offentlicht (vgl. F. d. M. 28, 344, 1897, JFM 28.0344.02; 29, 372, 1898, JFM 29.0372.05; 30, 351, 1899, JFM 30.0351.01). Jetzt gibt er eine systematische &quot;Ubersicht seiner fr&quot;uheren und neueren Leistungen. In der Einleitung werden verschiedene Arbeitsrichtungen besprochen (die von Babbage, Hoppe, Farcas, Korkin). Der Verf. schlie{\ss}t sich jetzt den letzteren an, indem er den Inbegriff der Iterationen einer Funktion als Funktionsgruppe auffa{\ss}t. Dann erscheint die von Korkin eingef&quot;uhrte Funktion $\lambda(z)$ (Darboux Bull. (2) 6 228, 1882) als infinitesimale Transformation. Die Fragen &quot;uber die Periodizit&quot;at der Iterationen und &quot;uber deren Konvergenz erscheinen damit nur als Nebenfragen. Hauptsache wird die Konstruktion der Funktionsgruppe, welche die gegebene Funktion als Element in sich begreift. In der zurzeit abgedruckten Abhandlung untersucht der Verf. die Gesetze der regul&quot;aren Konvergenz der Iterationen und ihre analytische Bedeutung. Im Kapitel 1 wird der Bereich von $x$ untersucht, welcher die Bedingungen erf&quot;ullt: $$f(x) -- x = 0,\quad 0 &lt; |f^{(1)}(x)| &lt; 1$$ $$(\text{wo }f^{(1)}(x) = \lim{}_R\frac{f(z)-x}{z-x},\,|z-x| &lt; R).$$ Im zweiten Kapitel werden die Bedingungen gestellt: $$f(x) -- x = 0,\quad f^{(1)}(x) = f^{(2)}(x) =\cdots= f^{(m-1)}(x) = 0$$ und die Eigenschaften des betreffenden Bereiches untersucht, die unbedingt konvergenten Reihen und Produkte, die Algorithmen von Koenigs und L{\textquoteright}emeray, deren Entwicklungen in Reihen und Produkte besprochen. In Kapitel 3 geschieht die Untersuchung der Stelle $x$: der Bedingungen $$f(x) -- x = 0,\quad f^{(1)}(x) = 1;\quad f^{(2)}(x) =\cdots= f^{(p)}(x) = 0.$$ Hier wird der Bereich nicht mehr einfach zusammenh&quot;angend, wie in den beiden ersten F&quot;allen; wohl aber f&quot;uhrt die Frage nach der Existenz der Ungleichung $|f(z) -- x| &lt; |z -- x|$ zu dem Schlu{\ss}, da{\ss} das Nachbargebiet von $x$ in $2p$ Sektoren von positiver und negativer Konvergenz zerf&quot;allt (je nachdem $\lim\limits_{n=+\infty} f_n(z) = x$ oder $\lim\limits_{n=-\infty} f_n(z) = x$). Es erscheinen dann Demarkationsstrahlen und Bereiche, wo $\lim\limits_{n=+\infty} f_n(z) = x$. Wir erw&quot;ahnen noch den polynomialen Algorithmus von L{\textquoteright}eau und seine Anwendung zur Konstruktion des Algorithmus von Koenigs und zur Untersuchung der Elemente $\left(\frac1{z_n-x}\right)^q$ $(q=1,2,\dots,p-1,p)$. Es werden zwei weitere Abschnitte versprochen: II. Rhythmische Konvergenz und III. Transzendente Konvergenz.",
optlocation="Henryk Trappmann (henryk@pool.math.tu-berlin.de)",
optnote="exported from refbase (http://eretrandre.org/rb/show.php?record=185), last updated on Sun, 22 Nov 2009 11:38:30 +0100"
}

@Book{Bourbaki:GeneralTopology2,
author="Bourbaki, N.",
title="Elements of mathematics. {G}eneral topology. {P}art 2",
year="1966",
publisher="Hermann",
optkeywords="bibtex-import",
optlocation="Henryk Trappmann (henryk@pool.math.tu-berlin.de)",
optnote="exported from refbase (http://eretrandre.org/rb/show.php?record=175), last updated on Sun, 22 Nov 2009 22:00:02 +0100"
}

@Book{Bourbaki:GeneralTopology1,
author="Bourbaki, N.",
title="Elements of mathematics. {G}eneral topology. {P}art 1",
year="1966",
publisher="Hermann",
optkeywords="bibtex-import",
optlocation="Henryk Trappmann (henryk@pool.math.tu-berlin.de)",
optnote="exported from refbase (http://eretrandre.org/rb/show.php?record=176), last updated on Sun, 22 Nov 2009 21:59:22 +0100"
}

@Article{ref0388.68052,
author="Brent, R.P.
and Kung, H.T.",
title="Fast algorithms for manipulating formal power series",
journal="J. Assoc. Comput. Mach.",
year="1978",
volume="25",
pages="581--595",
optlocation="Henryk Trappmann (henryk@pool.math.tu-berlin.de)",
optnote="exported from refbase (http://eretrandre.org/rb/show.php?record=205), last updated on Sat, 31 Oct 2009 16:40:19 +0100",
doi="10.1145/322092.322099",
opturl="http://eretrandre.org/rb/files/Brent1978_205.pdf",
opturl=""
}

@Article{ref0447.68033,
author="Brent, R.P.
and Traub, J.F.",
title="On the complexity of composition and generalized composition of power series",
journal="SIAM J. Comput.",
year="1980",
volume="9",
pages="54--66",
optkeywords="composition",
optkeywords="fast algorithms",
optkeywords="functional equations",
optkeywords="Schroeder function",
optkeywords="iteration",
optkeywords="similarity transformations",
optkeywords="formal power series",
optlocation="Henryk Trappmann (henryk@pool.math.tu-berlin.de)",
optnote="exported from refbase (http://eretrandre.org/rb/show.php?record=204), last updated on Sat, 31 Oct 2009 16:41:43 +0100",
doi="10.1137/0209004",
opturl="http://eretrandre.org/rb/files/Brent1980_204.pdf",
opturl=""
}

@Misc{briggs:2006:szekeres,
author="Briggs, K.",
title="Szekeres Seminar",
year="2006",
optkeywords="abel-function",
optkeywords="fractional-iteration",
optkeywords="szekeres",
optlocation="Henryk Trappmann (henryk@pool.math.tu-berlin.de)",
optnote="exported from refbase (http://eretrandre.org/rb/show.php?record=33), last updated on Tue, 26 May 2009 01:37:12 +0200",
opturl="http://keithbriggs.info/documents/Szekeres\textit{seminar}QMUL\_2006jan10.pdf",
opturl="http://eretrandre.org/rb/files/Briggs2006_33.pdf",
opturl=""
}

@Article{bromer:superexponentiation,
author="Bromer, N.",
title="Superexponentiation",
journal="Math. Mag.",
year="1987",
volume="60",
number="3",
pages="169--174",
optkeywords="file-import-09-03-21",
optlocation="Henryk Trappmann (henryk@pool.math.tu-berlin.de)",
optnote="exported from refbase (http://eretrandre.org/rb/show.php?record=77), last updated on Sat, 10 Oct 2009 21:03:26 +0200",
opturl="http://eretrandre.org/rb/files/Bromer1987_77.pdf",
opturl=""
}

@Article{bruck:1955:analogues,
author="Bruck, R.H.",
title="Analogues of the ring of rational integers",
journal="Proc. Am. Math. Soc.",
year="1955",
volume="6",
pages="50--58",
optkeywords="fields",
optkeywords="file-import-09-03-21",
optkeywords="modules",
optkeywords="neoring",
optkeywords="non-associative",
optkeywords="numbers",
optlocation="Henryk Trappmann (henryk@pool.math.tu-berlin.de)",
optnote="exported from refbase (http://eretrandre.org/rb/show.php?record=62), last updated on Tue, 26 May 2009 01:38:52 +0200",
doi="10.2307/2032654",
opturl="http://eretrandre.org/rb/files/Bruck1955_62.pdf",
opturl=""
}

@Article{Brunson:PartialOrder,
author="Brunson, B.W.",
title="The partial order of iterated exponentials",
journal="Amer. Math. Monthly",
year="1986",
volume="93",
number="10",
pages="779--786",
optkeywords="bibtex-import",
optlocation="Henryk Trappmann (henryk@pool.math.tu-berlin.de)",
optnote="exported from refbase (http://eretrandre.org/rb/show.php?record=160), last updated on Sun, 18 Apr 2010 18:13:56 +0200",
opturl="http://eretrandre.org/rb/files/Brunson1986_160.pdf",
opturl=""
}

@Article{MR0427266,
author="Bunder, M.W.",
title="Commutative non-associative number theory",
journal="Proc. Edinburgh Math. Soc. (2)",
year="1976",
volume="20",
number="2",
pages="133--136",
optkeywords="file-import-09-03-21",
optkeywords="non-associative",
optkeywords="numbers",
optlocation="Henryk Trappmann (henryk@pool.math.tu-berlin.de)",
optnote="exported from refbase (http://eretrandre.org/rb/show.php?record=57), last updated on Mon, 25 May 2009 23:32:50 +0200"
}

@Article{ref0466.30001,
author="Burckel, R.B.",
title="Iterating analytic self-maps of discs",
journal="Am. Math. Mon.",
year="1981",
volume="88",
pages="396--407",
optkeywords="iteration",
optkeywords="fixed points",
optkeywords="hydrocycles",
optkeywords="compact groups",
optlocation="Henryk Trappmann (henryk@pool.math.tu-berlin.de)",
optnote="exported from refbase (http://eretrandre.org/rb/show.php?record=224), last updated on Thu, 26 Nov 2009 00:01:54 +0100",
doi="10.2307/2321822",
opturl="http://eretrandre.org/rb/files/Burckel1981_224.pdf",
opturl=""
}

@Article{ref0044.19801,
author="Cairns, S.S.",
title="An elementary proof of the Jordan-Schoenfliess theorem",
journal="Proc. Am. Math. Soc.",
year="1951",
volume="2",
pages="860--867",
optkeywords="topology",
optlocation="Henryk Trappmann (henryk@pool.math.tu-berlin.de)",
optnote="exported from refbase (http://eretrandre.org/rb/show.php?record=193), last updated on Mon, 06 Jul 2009 15:41:25 +0200",
opturl="http://eretrandre.org/rb/files/Cairns1951_193.pdf",
opturl=""
}

@Article{Clenshaw:Beyond,
author="Clenshaw, C.W.
and Olver, F.W.J.",
title="Beyond floating point",
journal="J. Assoc. Comput. Mach.",
year="1984",
volume="31",
pages="319--328",
optkeywords="error analysis",
optkeywords="fixed point",
optkeywords="floating point",
optkeywords="generalized distance",
optkeywords="generalized exponentials",
optkeywords="generalized precision",
optkeywords="generalized logarithms",
optkeywords="level-index form",
optkeywords="local precision",
optkeywords="wobbling precision",
optkeywords="number system",
optkeywords="computer arithmetic",
optkeywords="iterated exponential functions",
optkeywords="overflow",
optkeywords="underflow",
abstract="A new number system is proposed for computer arithmetic based on iterated exponential functions. The main advantage is to eradicate overflow and underflow, but there are several other advantages and these are described and discussed.",
optlocation="Henryk Trappmann (henryk@pool.math.tu-berlin.de)",
optnote="exported from refbase (http://eretrandre.org/rb/show.php?record=198), last updated on Thu, 08 Oct 2009 16:35:57 +0200"
}

@Article{ref0212.37501,
author="Cohn, P.M.",
title="Rings of fractions",
journal="Am. Math. Mon.",
year="1971",
volume="78",
pages="596--615",
optlocation="Henryk Trappmann (henryk@pool.math.tu-berlin.de)",
optnote="exported from refbase (http://eretrandre.org/rb/show.php?record=242), last updated on Sun, 18 Apr 2010 18:21:44 +0200"
}

@Article{ref1103.30034,
author="Contreras, M.D.
and D\'iaz-Madrigal, S.",
title="Fractional iteration in the disk algebra: prime ends and composition operators",
journal="Rev. Mat. Iberoam.",
year="2005",
volume="21",
number="3",
pages="911--928",
optkeywords="semigroups",
optkeywords="disk algebra",
optkeywords="prime end",
optkeywords="starlike functions",
optkeywords="spirallike functions",
optlocation="Henryk Trappmann (henryk@pool.math.tu-berlin.de)",
optnote="exported from refbase (http://eretrandre.org/rb/show.php?record=206), last updated on Sat, 31 Oct 2009 16:46:20 +0100",
opturl="http://eretrandre.org/rb/files/Contreras2005_206.pdf",
opturl=""
}

@Article{contreras:2007:remarks,
author="Contreras, M.D.
and Madrigal, S.D.
and Pommerenke, C.",
title="Some remarks on the {A}bel equation in the unit disk",
journal="J. Lond. Math. Soc., II. Ser.",
year="2007",
volume="75",
number="3",
pages="623--634",
optkeywords="analytic",
optkeywords="denjoy-wolff",
optkeywords="file-import-09-03-19",
optkeywords="functions",
optkeywords="intertwining",
optkeywords="iteration",
optkeywords="map",
optkeywords="of",
optkeywords="parabolic",
optkeywords="point",
optlocation="Henryk Trappmann (henryk@pool.math.tu-berlin.de)",
optnote="exported from refbase (http://eretrandre.org/rb/show.php?record=107), last updated on Sun, 22 Nov 2009 11:50:57 +0100",
doi="10.1112/jlms/jdm013",
opturl="http://eretrandre.org/rb/files/Contreras2007_107.pdf",
opturl=""
}

@Article{ref0863.65008,
author="Corless, R.M.
and Gonnet, G.H.
and Hare, D.E.G.
and Jeffrey, D.J.
and Knuth, D.E.",
title="On the {L}ambert $w$ function",
journal="Adv. Comput. Math.",
year="1996",
volume="5",
number="4",
pages="329--359",
optkeywords="Lambert $w$ function",
optkeywords="tree function",
optkeywords="asymptotic expansion",
optkeywords="symbolic integration",
abstract="The tree function $T$ defined by series $T(v)=v+{2\over 2!}v^2+{3^2\over 3!}v^3+{4^3\over 4!}v^4+\dots$ converges for $|v|&lt; {1\over e}$. It equals $-w(-v)$, where $w(z)$ is defined to be the function satisfying $w(z)e^{w(z)}=z$. This paper discusses both $w$ and $T$, concentrating on $w$. The authors present a new discussion of the complex branches for $w$, an asymptotic expansion valid for all branches, an efficient numerical procedure for evaluating the function to arbitrary precision, and a method for the symbolic integration of expressions containing $w$.",
optlocation="Henryk Trappmann (henryk@pool.math.tu-berlin.de)",
optnote="exported from refbase (http://eretrandre.org/rb/show.php?record=195), last updated on Sun, 22 Nov 2009 11:58:23 +0100",
opturl="http://eretrandre.org/rb/files/Corless1996_195.pdf",
opturl=""
}

@Article{pre05152623,
author="Corradini, P.P.",
title="On the uniqueness of classical semiconjugations for self-maps of the disk",
journal="Comput. Methods Funct. Theory",
year="2006",
volume="6",
number="2",
pages="403--421",
optkeywords="file-import-09-03-19",
optlocation="Henryk Trappmann (henryk@pool.math.tu-berlin.de)",
optnote="exported from refbase (http://eretrandre.org/rb/show.php?record=96), last updated on Mon, 25 May 2009 23:32:50 +0200"
}

@Article{ref0476.30017,
author="Cowen, C.C.",
title="Iteration and the solution of functional equations for functions analytic in the unit disk",
journal="Trans. Am. Math. Soc.",
year="1981",
volume="265",
pages="69--95",
optkeywords="abel",
optkeywords="equation",
optkeywords="file-import-09-03-21",
optkeywords="fractional",
optkeywords="generator",
optkeywords="infinitesimal",
optkeywords="iterates",
optkeywords="iteration",
optkeywords="of",
optkeywords="schroeder",
optkeywords="semigroup",
optkeywords="semigroups",
optlocation="Henryk Trappmann (henryk@pool.math.tu-berlin.de)",
optnote="exported from refbase (http://eretrandre.org/rb/show.php?record=67), last updated on Mon, 25 May 2009 23:32:50 +0200",
doi="10.2307/1998482"
}

@Article{ref0476.30017_2,
author="Cowen, C.C.",
title="Iteration and the solution of functional equations for functions analytic in the unit disk",
journal="Trans. Am. Math. Soc.",
year="1981",
volume="265",
pages="69--95",
optkeywords="Schroeder equation",
optkeywords="Abel equation",
optkeywords="fractional iteration",
optkeywords="semigroup of iterates",
optkeywords="infinitesimal generator of semigroups of iterates",
optlocation="Henryk Trappmann (henryk@pool.math.tu-berlin.de)",
optnote="exported from refbase (http://eretrandre.org/rb/show.php?record=250), last updated on Sun, 18 Apr 2010 19:35:50 +0200",
doi="10.2307/1998482"
}

@Article{cremer:1938:haeufigkeit,
author="Cremer, H.",
title="{{\"U}}ber die {H}{\"a}ufigkeit der {N}ichtzentren",
journal="Math. Ann.",
year="1938",
volume="115",
pages="573--580",
optkeywords="file-import-09-03-23",
optlocation="Henryk Trappmann (henryk@pool.math.tu-berlin.de)",
optnote="exported from refbase (http://eretrandre.org/rb/show.php?record=23), last updated on Sun, 22 Nov 2009 08:25:54 +0100",
doi="10.1007/BF01448957",
opturl="http://eretrandre.org/rb/files/Cremer1938_23.pdf",
opturl=""
}

@Article{ref0649.40001,
author="de Villiers, J.M.
and Robinson, P.N.",
title="The interval of convergence and limiting functions of a hyperpower sequence",
journal="Am. Math. Mon.",
year="1986",
volume="93",
pages="13--24",
optkeywords="estimates",
optkeywords="exponentials",
optkeywords="file-import-09-03-24",
optkeywords="hyperpower-sequence",
optkeywords="iterated-exponentials",
optlocation="Henryk Trappmann (henryk@pool.math.tu-berlin.de)",
optnote="exported from refbase (http://eretrandre.org/rb/show.php?record=4), last updated on Mon, 25 May 2009 23:32:50 +0200",
doi="10.2307/2322537"
}

@Article{ref0215.40903,
author="Diamond, P.",
title="Fractional iteration and a generalised {A}bel{\textquoteright}s equation in two variables",
journal="Aequationes Math.",
year="1971",
volume="6",
pages="11--23",
optkeywords="file-import-09-03-19",
optlocation="Henryk Trappmann (henryk@pool.math.tu-berlin.de)",
optnote="exported from refbase (http://eretrandre.org/rb/show.php?record=100), last updated on Sun, 22 Nov 2009 11:59:20 +0100",
doi="10.1007/BF01833232",
opturl="http://eretrandre.org/rb/files/Diamond1971_100.pdf",
opturl=""
}

@Article{diamond:analytic,
author="Diamond, P.M.",
title="Analytic invariants of mappings of two variables",
journal="J. Math. Anal. Appl.",
year="1969",
volume="27",
pages="601--608",
optkeywords="differential",
optkeywords="equations",
optkeywords="file-import-09-03-19",
optkeywords="ordinary",
optlocation="Henryk Trappmann (henryk@pool.math.tu-berlin.de)",
optnote="exported from refbase (http://eretrandre.org/rb/show.php?record=102), last updated on Sat, 13 Jun 2009 12:52:37 +0200",
doi="10.1016/0022-247X(69)90139-5"
}

@Article{domsta:limit,
author="Domsta, J.",
title="A limit formula for regular iteration groups",
journal="Aequationes Math.",
year="1996",
volume="52",
number="1-2",
pages="116--134",
optkeywords="differentiable-functions",
optkeywords="file-import-09-03-21",
optkeywords="limits",
optkeywords="regular-iteration-groups",
optlocation="Henryk Trappmann (henryk@pool.math.tu-berlin.de)",
optnote="exported from refbase (http://eretrandre.org/rb/show.php?record=39), last updated on Sat, 13 Jun 2009 12:50:09 +0200",
doi="10.1007/BF01818331",
opturl="http://eretrandre.org/rb/files/Domsta1996_39.pdf",
opturl=""
}

@Article{dorfer:formal,
author="Dorfer, G.
and Woracek, H.",
title="Formal power series and some theorems of J. F. Ritt in arbitrary characteristic",
journal="Monatsh. Math.",
year="1999",
volume="127",
number="4",
pages="277--293",
optkeywords="boettcher-function",
optkeywords="composition",
optkeywords="formal-laurent-series",
optkeywords="iterates",
optkeywords="permutable",
optkeywords="polynomials",
optkeywords="power-series",
optlocation="Henryk Trappmann (henryk@pool.math.tu-berlin.de)",
optnote="exported from refbase (http://eretrandre.org/rb/show.php?record=38), last updated on Sat, 13 Jun 2009 12:54:20 +0200",
doi="10.1007/s006050050040",
opturl="http://eretrandre.org/rb/files/Dorfer1999_38.pdf",
opturl=""
}

@Article{ref0545.65084,
author="Dubuc, S.",
title="{\'E}tude th{\'e}orique et num{\'e}rique de la fonction de Karlin-McGregor",
journal="J. Anal. Math.",
year="1983",
volume="42",
pages="15--37",
optkeywords="continuous-iteration",
optkeywords="entire-function",
optkeywords="file-import-09-03-21",
optkeywords="fourier-expansion",
optkeywords="functional-equation",
optkeywords="poincars-function",
optkeywords="schrders-function",
optlocation="Henryk Trappmann (henryk@pool.math.tu-berlin.de)",
optnote="exported from refbase (http://eretrandre.org/rb/show.php?record=54), last updated on Sun, 22 Nov 2009 08:26:13 +0100",
doi="10.1007/BF02786869"
}

@Article{citeulike:1369000,
author="Duchon, P.",
title="Right-cancellability of a family of operations on binary trees",
journal="Discrete Mathematics and Theoretical Computer Science",
year="1998",
volume="2",
number="1",
pages="27--33",
optlocation="Henryk Trappmann (henryk@pool.math.tu-berlin.de)",
optnote="exported from refbase (http://eretrandre.org/rb/show.php?record=112), last updated on Sun, 22 Nov 2009 22:03:06 +0100",
opturl="http://citeseerx.ist.psu.edu/viewdoc/summary?doi=10.1.1.39.9571"
}

@Book{Dummett:Elements,
author="Dummett, M.",
title="Elements of intuitionism",
series="Oxford Logic Guides",
year="2000",
publisher="The Clarendon Press Oxford University Press",
volume="39",
optkeywords="bibtex-import",
optlocation="Henryk Trappmann (henryk@pool.math.tu-berlin.de)",
optnote="exported from refbase (http://eretrandre.org/rb/show.php?record=180), last updated on Sun, 22 Nov 2009 22:04:26 +0100"
}

@Article{Dzhumaldildaev:FreeNovikovAlgebra,
author="Dzhumaldil{\textquoteright}daev, A.
and L{\"o}fwall, C.",
title="Trees, free right-symmetric algebras, free {N}ovikov algebras and identities",
journal="Homology Homotopy Appl.",
year="2002",
volume="4",
number="2(1)",
pages="165--190",
optkeywords="algebras",
optkeywords="basis",
optkeywords="bibtex-import",
optkeywords="free",
optkeywords="identities",
optkeywords="lie-admissible",
optkeywords="novikov",
optkeywords="right-symmetric",
optkeywords="rooted",
optkeywords="trees",
optkeywords="witt",
optlocation="Henryk Trappmann (henryk@pool.math.tu-berlin.de)",
optnote="exported from refbase (http://eretrandre.org/rb/show.php?record=124), last updated on Sun, 22 Nov 2009 22:05:24 +0100",
opturl="http://www.emis.de/journals/HHA/volumes/2002/n2a7/v4n2a7.pdf",
opturl="http://eretrandre.org/rb/files/Dzhumaldildaev2002_124.pdf",
opturl=""
}

@Article{ref0326.30002,
author="{\'E}calle, Jean",
title="Sommations de s{\'e}ries divergentes en th{\'e}orie de l{\textquoteright}it{\'e}ration des applications holomorphes",
journal="C. R. Acad. Sci., Paris, S{\'e}r. A",
year="1976",
volume="282",
pages="203--206",
optkeywords="fractional-iteration",
optkeywords="Abel equation",
optlocation="Henryk Trappmann (henryk@pool.math.tu-berlin.de)",
optnote="exported from refbase (http://eretrandre.org/rb/show.php?record=75), last updated on Mon, 23 Nov 2009 23:49:18 +0100"
}

@Article{Ecalle:Theorie_iterative,
author="{\'E}calle, Jean",
title="Th{\'e}orie it{\'e}rative: {I}ntroduction {\`a} la th{\'e}orie des invariants holomorphes",
journal="J. Math. pur. appl. IX. S{\'e}r.",
year="1975",
volume="54",
pages="183--258",
optkeywords="fractional iteration",
optkeywords="continuous iteration",
optkeywords="Abel equation",
optkeywords="regular iteration",
optkeywords="iterative logarithm",
optlocation="Henryk Trappmann (henryk@pool.math.tu-berlin.de)",
optnote="exported from refbase (http://eretrandre.org/rb/show.php?record=197), last updated on Tue, 24 Nov 2009 00:05:41 +0100",
issn="0021-7824"
}

@Book{Ecalle:InvariantsHolomorphes,
author="{\'E}calle, Jean",
title="Th{\'e}orie des invariants holomorphes",
series="Publications math{\textquoteright}ematiques d{\textquoteright}Orsay",
year="1974",
volume="67-74 09",
optkeywords="fractional iteration",
optkeywords="continuous iteration",
optkeywords="Abel equation",
optkeywords="regular iteration",
optkeywords="iterative logarithm",
optlocation="Henryk Trappmann (henryk@pool.math.tu-berlin.de)",
optnote="exported from refbase (http://eretrandre.org/rb/show.php?record=177), last updated on Mon, 23 Nov 2009 23:53:06 +0100",
opturl="http://portail.mathdoc.fr/PMO/PDF/E_ECALLE_67_74_09.pdf",
opturl="http://eretrandre.org/rb/files/Ecalle1974_177.djvu",
opturl=""
}

@Article{ref0252.30009,
author="{\'E}calle, Jean",
title="Nature du groupe des ordres d{\textquoteright}it{\'e}ration complexes d{\textquoteright}une transformation holomorphe au voisinage d{\textquoteright}un point fixe de multiplicateur 1",
journal="C. R. Acad. Sci., Paris, S{\'e}r. A",
year="1973",
volume="276",
pages="261--263",
optlocation="Henryk Trappmann (henryk@pool.math.tu-berlin.de)",
optnote="exported from refbase (http://eretrandre.org/rb/show.php?record=226), last updated on Wed, 09 Dec 2009 19:37:43 +0100"
}

@Article{ref028.0815cj,
author="Eisenstein, G.",
title="{E}ntwicklung von $$\alpha$^{$\alpha$^{$\alpha$^{^{.^{.^.}}}}}$",
journal="J. Reine Angew. Math.",
year="1844",
volume="28",
pages="49--52",
optlocation="Henryk Trappmann (henryk@pool.math.tu-berlin.de)",
optnote="exported from refbase (http://eretrandre.org/rb/show.php?record=208), last updated on Sun, 22 Nov 2009 08:27:42 +0100",
opturl="http://eretrandre.org/rb/files/Eisenstein1844_208.pdf",
opturl=""
}

@Inbook{Elgot:IterativeAlgebraicTheories,
author="Elgot, C.C.",
chapter="Monadic computation and iterative algebraic theories",
title="Logic Colloq. {\textquoteright}73, Proc., Bristol 1973, 175-230",
year="1975",
optkeywords="bibtex-import",
optlocation="Henryk Trappmann (henryk@pool.math.tu-berlin.de)",
optnote="exported from refbase (http://eretrandre.org/rb/show.php?record=123), last updated on Sun, 22 Nov 2009 22:09:19 +0100"
}

@Article{Elgot:AlgebraicStructureRootedTrees,
author="Elgot, C.C.
and Bloom, S.L.
and Tindell, R.",
title="On the algebraic structure of rooted trees",
journal="J. Comput. Syst. Sci.",
year="1978",
volume="16",
pages="362--399",
optkeywords="bibtex-import",
optlocation="Henryk Trappmann (henryk@pool.math.tu-berlin.de)",
optnote="exported from refbase (http://eretrandre.org/rb/show.php?record=122), last updated on Sun, 22 Nov 2009 22:10:19 +0100"
}

@Misc{emiris:comparing,
author="Emiris, I.Z.
and Tsigaridas, E.P.",
title="Comparing real algebraic numbers of small degree",
year="2004",
optkeywords="file-import-09-03-21",
optlocation="Henryk Trappmann (henryk@pool.math.tu-berlin.de)",
optnote="exported from refbase (http://eretrandre.org/rb/show.php?record=37), last updated on Sat, 13 Jun 2009 12:55:11 +0200",
doi="10.1007/b100428",
opturl="Albers, Susanne (ed.) et al., Algorithms ",
opturl="http://eretrandre.org/rb/files/Emiris2004_37.pdf",
opturl=""
}

@Article{ErdosJabotinsky:AnalyticIteration,
author="Erd{\H o}s, Paul
and Jabotinsky, Eri",
title="On analytic iteration",
journal="J. Analyse Math.",
year="1960",
volume="8",
pages="361--376",
optkeywords="bibtex-import",
optlocation="Henryk Trappmann (henryk@pool.math.tu-berlin.de)",
optnote="exported from refbase (http://eretrandre.org/rb/show.php?record=149), last updated on Sun, 22 Nov 2009 22:11:20 +0100",
doi="10.1007/BF02786856"
}

@Article{erne:zcontinuous,
author="Ern{\'e}, M.",
title="${\cal Z}$-continuous posets and their topological manifestation",
journal="Appl. Categ. Struct.",
year="1999",
volume="7",
number="1-2",
pages="31--70",
optkeywords="cal-z-arity",
optkeywords="cal-z-complete-core-spaces",
optkeywords="category-of-strongly-cal-z-continuous-posets",
optkeywords="closure-space",
optkeywords="completion",
optkeywords="file-import-09-03-21",
optkeywords="generalized-soberness",
optkeywords="interpolation",
optkeywords="sober-space",
optkeywords="subset-selections",
optlocation="Henryk Trappmann (henryk@pool.math.tu-berlin.de)",
optnote="exported from refbase (http://eretrandre.org/rb/show.php?record=35), last updated on Sat, 13 Jun 2009 12:56:44 +0200",
doi="10.1023/A:1008657800278",
opturl="http://eretrandre.org/rb/files/Erne1999_35.pdf",
opturl=""
}

@Article{erne:completions,
author="Ern{\'e}, M.
and Reichman, J.Z.",
title="Completions for partially ordered semigroups",
journal="Semigroup Forum",
year="1987",
volume="34",
pages="253--285",
optkeywords="category-of-complete-residuated-semigroups",
optkeywords="conditionable-completions",
optkeywords="file-import-09-03-21",
optkeywords="lower-ends",
optkeywords="partially-ordered-semigroups",
optkeywords="principal-ideals",
optkeywords="reflective-subcategory",
optkeywords="residuated-semigroup",
optkeywords="standard-completion",
optkeywords="standard-extensions-of-posets",
optkeywords="y-semigroups",
optlocation="Henryk Trappmann (henryk@pool.math.tu-berlin.de)",
optnote="exported from refbase (http://eretrandre.org/rb/show.php?record=36), last updated on Sat, 13 Jun 2009 12:57:31 +0200",
doi="10.1007/BF02573168",
opturl="http://eretrandre.org/rb/files/Erne1987_36.pdf",
opturl=""
}

@Article{ref0033.01102,
author="Etherington, I.M.H.",
title="Non-associative arithmetics",
journal="Proc. R. Soc. Edinb., Sect. A",
year="1948",
volume="62",
pages="442--453",
optkeywords="file-import-09-03-21",
optkeywords="non-associative",
optlocation="Henryk Trappmann (henryk@pool.math.tu-berlin.de)",
optnote="exported from refbase (http://eretrandre.org/rb/show.php?record=63), last updated on Mon, 25 May 2009 23:32:50 +0200"
}

@Article{euler:formulis,
author="Euler, L.",
title="De formulis exponentialibus replicatis",
journal="Acta Academiae Scientarum Imperialis Petropolitinae",
year="1778",
volume="1",
pages="38--60",
optkeywords="exponentials",
optlocation="Henryk Trappmann (henryk@pool.math.tu-berlin.de)",
optnote="exported from refbase (http://eretrandre.org/rb/show.php?record=6), last updated on Sun, 22 Nov 2009 11:57:15 +0100",
opturl="http://eretrandre.org/rb/files/Euler1778_6.pdf",
opturl=""
}

@Article{evans:nonassociative,
author="Evans, T.",
title="Nonassociative number theory",
journal="Am. Math. Mon.",
year="1957",
volume="64",
pages="299--309",
optkeywords="file-import-09-03-21",
optkeywords="non-associative",
optkeywords="numbers",
optlocation="Henryk Trappmann (henryk@pool.math.tu-berlin.de)",
optnote="exported from refbase (http://eretrandre.org/rb/show.php?record=61), last updated on Sat, 13 Jun 2009 12:59:48 +0200",
doi="10.2307/2309589",
opturl="http://eretrandre.org/rb/files/Evans1957_61.pdf",
opturl=""
}

@Article{ref0061.03406,
author="Everett, C.J.
and Ulam, S.",
title="On ordered groups",
journal="Trans. Am. Math. Soc.",
year="1945",
volume="57",
pages="208--216",
optkeywords="group theory",
optlocation="Henryk Trappmann (henryk@pool.math.tu-berlin.de)",
optnote="exported from refbase (http://eretrandre.org/rb/show.php?record=239), last updated on Sun, 18 Apr 2010 18:02:54 +0200",
opturl="http://eretrandre.org/rb/files/Everett1945_239.pdf",
opturl=""
}

@Article{Everett:OnOrderedGroups,
author="Everett, C.J.
and Ulam, S.",
title="On ordered groups",
journal="Trans. Amer. Math. Soc.",
year="1945",
volume="57",
pages="208--216",
optkeywords="bibtex-import",
optlocation="Henryk Trappmann (henryk@pool.math.tu-berlin.de)",
optnote="exported from refbase (http://eretrandre.org/rb/show.php?record=165), last updated on Sun, 22 Nov 2009 22:13:17 +0100"
}

@Book{Fantini:1998:,
author="Fantini, Jay
and Kloepfer, Gilbert",
title="WexZal",
year="1998",
optkeywords="integer height Tetration",
optkeywords="integer order Superroot",
optkeywords="Applications",
optkeywords="Coupled exponent",
optkeywords="coupled root",
abstract="derivation for integer superrots (in tetration). A couple of applications, mostly ballistics; curve fit for accelerated bodies using wexzal.",
optlocation="Gottfried Helms (helms@uni-kassel.de)",
optnote="exported from refbase (http://eretrandre.org/rb/show.php?record=203), last updated on Sat, 31 Oct 2009 17:29:15 +0100",
opturl="http://eretrandre.org/rb/files/JayFantini1998_203.pdf",
opturl=""
}

@Article{ref47.0921.02,
author="Fatou, P.",
title="Sur les {\'e}quations fonctionnelles",
journal="S. M. F. Bull.",
year="1920",
volume="47",
pages="161--271; 48, 33",
abstract="In der vorliegenden Arbeit studiert Verf. haupts{\"a}chlich das Verhalten (im Kleinen und im Gro{\ss} en) der Folge der Iterierten einer rationalen Funktion $R(z)$ der komplexen Variabeln $z$, d. h. der Folge $R_1(z) = R(z), R_2(z) = R(R(z)), \dots, R_n(z) = R(R_{n-1}(z)) = R_{n-1}(R(z)), \dots.$ Die hier auftretenden Fragen h{\"a}ngen nahe mit der Theorie der Funktionalgleichungen, insbesondere der Schr{\"o}derschen und der Abelschen Funktionalgleichung und verwandter Gleichungen zusammen. Die Arbeit hat in Problemstellungen, Methoden und Ergebnissen mit den etwas fr{\"u}heren Untersuchungen von G. Julia (vgl. F. d. M. 46, 520 (JFM 46.0520.*), 1916-18) vieles gemein, doch vermag Verf. noch weitergehende Resultate zu gewinnen. \par Zun{\"a}chst sei die Erkl{\"a}rung einiger Bezeichnungen vorausgeschickt. Ist $z_n = R_n(z_0),$ so hei{\ss} t $z_n$ Nachfolger $n$-ter Ordnung von $z_0,$ umgekehrt hei{\ss} t $z_0.$ Vorg{\"a}nger $n$-ter Ordnung von $z_n.$ Ist $$\zeta$ = R_n($\zeta$),$ so ist auch $R($\zeta$) = R_n(R($\zeta$)),$ d. h. der Nachfolger eines Fixpunktes ist wieder ein Fixpunkt. Ein Fixpunkt $\zeta$ von $R_n(z)$ hei{\ss} t anziehend, absto{\ss} end oder indifferent, je nachdem $\vert R_n",
optlocation="Henryk Trappmann (henryk@pool.math.tu-berlin.de)",
optnote="exported from refbase (http://eretrandre.org/rb/show.php?record=216), last updated on Sun, 22 Nov 2009 11:41:33 +0100"
}

@Article{Frappier:IterationExponentials,
author="Frappier, Cl{\'e}ment",
title="Iterations of a kind of exponentials",
journal="Fibonacci Quart.",
year="1991",
volume="29",
number="4",
pages="351--361",
optkeywords="bibtex-import",
abstract="Let $0\square z=z$, $1\square z=z\sp z$ and $(n+1)\square z=(n\square z)\sp{n\square z}$ for $n=0,1,\ldots.$ Various elementary algebraic relationships are established as well as the limit $\lim\sb{n\to\infty}n\square e\sp{z/n}=1$ for complex $z$ with modulus less than $1/e$.\par The inverse function of $\zeta=n\square z$, denoted $z=(-n)\square \zeta$ for $n=1,2,\ldots$ ({\textquoteleft}{\textquoteleft}partial inverse{\textquoteright}{\textquoteright} see {\it R. A. Knoebel} [Am. Math. Mon. 88, 235-252 (1981; Zbl 0493.26007)]) is expressed in the form of an infinite product ($n$ a positive integer, $z$ complex such that $\vert\ln z\vert\le 1/ne)$. The author then considers extensions of the original definition of $n\square z$ to the rational, real, and finally complex $n$.\par For positive integers $q$ and $N(&gt;1)$ the functional equation $f\sb q(z)=z\sp N$, $f(0)=0$ is shown to have an analytic solution in a neighbourhood of the origin if and only if $N=M\sp q$ ($M$ a positive integer, $f\sb 1(z)=f(z)$, $f\sb{q+1}(z)=f(f\sb q(z)))$. Up to a multiplicative constant equal to an $\left({N-1\over M-1}\right)$-th root of unity, the solution is unique.",
optlocation="Henryk Trappmann (henryk@pool.math.tu-berlin.de)",
optnote="exported from refbase (http://eretrandre.org/rb/show.php?record=159), last updated on Sun, 22 Nov 2009 22:14:20 +0100",
opturl="http://eretrandre.org/rb/files/Frappier1991_159.pdf",
opturl=""
}

@Article{galidakis:solving,
author="Galidakis, Ioannis N.",
title="On solving the$p$-th complex auxiliary equation $f^{(p)}(z) = z$",
journal="Complex Variables, Theory Appl.",
year="2005",
volume="50",
number="13",
pages="977--997",
optkeywords="file-import-09-03-23",
optlocation="Henryk Trappmann (henryk@pool.math.tu-berlin.de)",
optnote="exported from refbase (http://eretrandre.org/rb/show.php?record=22), last updated on Sun, 22 Nov 2009 08:31:27 +0100",
doi="10.1080/02781070500156827",
opturl="http://eretrandre.org/rb/files/Galidakis2005_22.pdf",
opturl=""
}

@Article{galidakis:application,
author="Galidakis, Ioannis N.",
title="On an application of Lambert{\textquoteright}s $W$ function to infinite exponentials",
journal="Complex Variables, Theory Appl.",
year="2004",
volume="49",
number="11",
pages="759--780",
optkeywords="analytic",
optkeywords="auxiliary",
optkeywords="continuation",
optkeywords="entire",
optkeywords="equation",
optkeywords="exponential",
optkeywords="fatou",
optkeywords="file-import-09-03-21",
optkeywords="fixed",
optkeywords="function",
optkeywords="infinite",
optkeywords="iteration",
optkeywords="julia",
optkeywords="lamberts",
optkeywords="periodic",
optkeywords="point",
optkeywords="power",
optkeywords="set",
optkeywords="tower",
optkeywords="w",
optlocation="Henryk Trappmann (henryk@pool.math.tu-berlin.de)",
optnote="exported from refbase (http://eretrandre.org/rb/show.php?record=74), last updated on Sun, 22 Nov 2009 08:31:13 +0100",
doi="10.1080/02781070412331298796",
opturl="http://eretrandre.org/rb/files/Galidakis2004_74.pdf",
opturl=""
}

@Misc{Galidakis:Hyper4,
author="Galidakis, Ioannis N.",
title="A Continuous Extension for the Hyper4 Operator",
year="2003",
optkeywords="bibtex-import",
optlocation="Henryk Trappmann (henryk@pool.math.tu-berlin.de)",
optnote="exported from refbase (http://eretrandre.org/rb/show.php?record=128), last updated on Sun, 22 Nov 2009 08:30:57 +0100",
opturl="http://users.forthnet.gr/ath/jgal/math/exponents4.html"
}

@Book{ref0927.15001,
author="Gantmacher, F.R.",
title="The theory of matrices. Vol. 1. Transl. from the Russian by K. A. Hirsch. Reprint of the 1959 translation",
year="1998",
publisher="Providence, RI: AMS Chelsea Publishing. x, 374 p. $ 39.00; $ 59.00/set",
optkeywords="characteristic-polynomial",
optkeywords="elementary-divisors",
optkeywords="file-import-09-03-24",
optkeywords="gauss-algorithm",
optkeywords="linear-operators",
optkeywords="matrix-equations",
optkeywords="minimal-polynomial",
optkeywords="polynomial-matrices",
optkeywords="quadratic-and-hermitian-forms",
optkeywords="reprint-of-classics",
optkeywords="textbook",
optkeywords="theory-of-matrices",
optkeywords="vector-space",
optlocation="Henryk Trappmann (henryk@pool.math.tu-berlin.de)",
optnote="exported from refbase (http://eretrandre.org/rb/show.php?record=8), last updated on Mon, 25 May 2009 23:32:50 +0200"
}

@Misc{Geisler:Tetration,
author="Geisler, Daniel",
title="Tetration",
year="2004",
optkeywords="bibtex-import",
optlocation="Henryk Trappmann (henryk@pool.math.tu-berlin.de)",
optnote="exported from refbase (http://eretrandre.org/rb/show.php?record=129), last updated on Sun, 22 Nov 2009 08:31:55 +0100",
opturl="http://www.tetration.org/"
}

@Article{ger:obituary,
author="Ger, R.",
title="Obituary: {M}arek {K}uczma (1935-1991)",
journal="Aequationes Math.",
year="1992",
volume="44",
number="1",
pages="1--10",
optkeywords="file-import-09-03-21",
optkeywords="obituary",
optlocation="Henryk Trappmann (henryk@pool.math.tu-berlin.de)",
optnote="exported from refbase (http://eretrandre.org/rb/show.php?record=34), last updated on Sun, 22 Nov 2009 11:58:58 +0100",
doi="10.1007/BF01834200",
opturl="http://eretrandre.org/rb/files/Ger1992_34.pdf",
opturl=""
}

@Article{gerritzen:planar,
author="Gerritzen, L.",
title="Planar rooted trees and non-associative exponential series",
journal="Adv. Appl. Math.",
year="2004",
volume="33",
number="2",
pages="342--365",
optkeywords="file-import-09-03-23",
optkeywords="m-ary-operation",
optkeywords="non-associative-exponential-series",
optkeywords="planar-rooted-tree",
optkeywords="power-series",
optlocation="Henryk Trappmann (henryk@pool.math.tu-berlin.de)",
optnote="exported from refbase (http://eretrandre.org/rb/show.php?record=21), last updated on Sat, 13 Jun 2009 13:03:16 +0200",
doi="10.1016/j.aam.2003.06.003",
opturl="http://eretrandre.org/rb/files/Gerritzen2004_21.pdf",
opturl=""
}

@InProceedings{glass:orderings,
author="Glass, A.M.W.",
editor="Dorfer, G.",
title="Orderings and groups: a survey of recent results",
series="Contributions to General Algebra",
year="2006",
edition="May 26",
publisher="Klagenfurt: Verlag Johannes Heyn.",
volume="17",
pages="105--118",
optkeywords="survey",
optkeywords="ordered-groups",
abstract="This paper gives an interesting survey on recent results on ordered groups. The author approaches this by asking several questions on that subject ",
optlocation="Henryk Trappmann (henryk@pool.math.tu-berlin.de)",
optnote="exported from refbase (http://eretrandre.org/rb/show.php?record=189), last updated on Sat, 13 Jun 2009 13:04:05 +0200",
opturl="http://eretrandre.org/rb/files/Glass2006_189.pdf",
opturl=""
}

@Book{Glass:POGroups,
author="Glass, A.M.W.",
title="Partially ordered groups",
series="Series in Algebra",
year="1999",
publisher="World Scientific Publishing Co. Inc.",
volume="7",
optkeywords="bibtex-import",
optlocation="Henryk Trappmann (henryk@pool.math.tu-berlin.de)",
optnote="exported from refbase (http://eretrandre.org/rb/show.php?record=174), last updated on Sun, 22 Nov 2009 22:15:53 +0100"
}

@Article{ref0233.05005,
author="G{\"o}bel, F.
and Nederpelt, R.P.",
title="The number of numerical outcomes of iterated powers",
journal="Am. Math. Mon.",
year="1971",
volume="78",
pages="1097--1103",
optlocation="Henryk Trappmann (henryk@pool.math.tu-berlin.de)",
optnote="exported from refbase (http://eretrandre.org/rb/show.php?record=243), last updated on Sun, 18 Apr 2010 18:28:28 +0200",
doi="10.2307/2316312",
opturl="http://eretrandre.org/rb/files/Goebel1971_243.pdf",
opturl=""
}

@Article{Goebel:NumericalOutcomes,
author="G{\"o}bel, F.
and Nederpelt, R.P.",
title="The number of numerical outcomes of iterated powers",
journal="Amer. Math. Monthly",
year="1971",
volume="78",
pages="1097--1103",
optkeywords="bibtex-import",
optlocation="Henryk Trappmann (henryk@pool.math.tu-berlin.de)",
optnote="exported from refbase (http://eretrandre.org/rb/show.php?record=161), last updated on Sun, 22 Nov 2009 22:16:45 +0100"
}

@Article{goodstein:transfinite,
author="Goodstein, R.L.",
title="Transfinite ordinals in recursvie number theory",
journal="J. Symb. Log.",
year="1947",
volume="12",
pages="123--129",
optkeywords="and",
optkeywords="file-import-09-03-19",
optkeywords="foundations",
optkeywords="mathematics",
optkeywords="of",
optkeywords="philosophy",
optlocation="Henryk Trappmann (henryk@pool.math.tu-berlin.de)",
optnote="exported from refbase (http://eretrandre.org/rb/show.php?record=92), last updated on Sat, 13 Jun 2009 13:04:45 +0200",
doi="10.2307/2266486",
opturl="http://eretrandre.org/rb/files/Goodstein1947_92.pdf",
opturl=""
}

@Article{ref0728.06006,
author="Griggs, J.R.",
title="Iterated exponentials of two numbers",
journal="Discrete Math.",
year="1991",
volume="88",
number="2-3",
pages="193--209",
optkeywords="iterated exponentials",
optkeywords="tower order",
abstract="Let $x\sb i$ $(i=1,2,...,n)$ be reals, $0\le x\sb i$ for each $x\sb i$. Denote $$ T(x\sb1 x\sb2 \dots x\sb n) = \left\vert \matrix &amp;&amp;&amp;x\sb n \ &amp;&amp;\vdots&amp; \ &amp;x\sb2&amp;&amp; \ x\sb1&amp;&amp;&amp; \endmatrix\right. $$ Next let c be a real, $c\ge 0$; let $A\sb n(c)$ be the system of all words of length n in a and b. If we consider the variables a and b as reals, $a\ge 0$ and $b\ge 0$, then for $w\in A\sb n(c)$ the symbol T(w) has the obvious meaning. We define a relation $\le$ in $A\sb n(c)$ as follows: For w and $w{\textquoteright}$ in $A\sb n(c)$ we put $w\le w{\textquoteright}$ if, whenever $b\ge a\ge c$, then $T(w)\le T(w{\textquoteright})$. The relation $\le$ is a partial order in $A\sb n(c)$. In the paper there are given complete descriptions of $A\sb n(c)$ for the following cases: (i) $c=e$ and n arbitrary; (ii) $c=3.6$ and n arbitrary; (iii) $n\le 3$ and $c\ge 0$. Some conjectures on $A\sb n(c)$ are proposed.",
optlocation="Henryk Trappmann (henryk@pool.math.tu-berlin.de)",
optnote="exported from refbase (http://eretrandre.org/rb/show.php?record=255), last updated on Sun, 18 Apr 2010 23:33:02 +0200",
doi="10.1016/0012-365X(91)90009-Q"
}

@Article{ref0769.06002,
author="Griggs, J.R.
and Wachs, M.L.",
title="Towers of powers and Bruhat order",
journal="Eur. J. Comb.",
year="1992",
volume="13",
number="5",
pages="367--370",
optkeywords="dual Bruhat order",
optkeywords="Brunson{\textquoteright}s tower order",
optkeywords="iterated exponentials",
abstract="In this short paper, the authors provide a counterexample $(23415&lt;\sb T 32145, 23415\Vert\sb B 32145)$ showing that for $n\ge 5$ the dual Bruhat order and Brunson{\textquoteright}s tower order for iterated exponentials are not the same (as they are for $n\le 4)$. This example allows them to settle several other conjectures concerning tower orders as well as to point out certain errors in the literature. The example makes use of an interesting theorem on iterated exponentials that should be useful in other contexts also.",
optlocation="Henryk Trappmann (henryk@pool.math.tu-berlin.de)",
optnote="exported from refbase (http://eretrandre.org/rb/show.php?record=256), last updated on Sun, 18 Apr 2010 23:35:02 +0200",
doi="10.1016/S0195-6698(05)80016-2"
}

@Misc{ref0914.39020,
author="Gronau, D.",
editor="F{\"o}rg-Rob, W. (ed.) et al.",
title="An asymptotic formula for the iterates of a function and related functional equations",
year="1996",
optkeywords="asymptotic-expansion",
optkeywords="file-import-09-03-21",
optkeywords="functional-equations",
optkeywords="iterative-equation",
optkeywords="translation-equations",
optlocation="Henryk Trappmann (henryk@pool.math.tu-berlin.de)",
optnote="exported from refbase (http://eretrandre.org/rb/show.php?record=42), last updated on Sun, 22 Nov 2009 11:07:14 +0100"
}

@Article{ref0774.39005,
author="Gronau, D.",
title="An asymptotic formula for the iterates of a function",
journal="Result. Math.",
year="1993",
volume="23",
number="1-2",
pages="49--54",
optkeywords="asymptotic-approximations",
optkeywords="file-import-09-03-19",
optkeywords="iterations",
optkeywords="translation-equation",
optlocation="Henryk Trappmann (henryk@pool.math.tu-berlin.de)",
optnote="exported from refbase (http://eretrandre.org/rb/show.php?record=87), last updated on Mon, 25 May 2009 23:32:50 +0200"
}

@Article{guy:nesting,
author="Guy, R.K.
and Selfridge, J.L.",
title="The nesting and roosting habits of the laddered parenthesis",
journal="Am. Math. Mon.",
year="1973",
volume="80",
pages="868--876",
optkeywords="file-import-09-03-21",
optlocation="Henryk Trappmann (henryk@pool.math.tu-berlin.de)",
optnote="exported from refbase (http://eretrandre.org/rb/show.php?record=32), last updated on Sat, 13 Jun 2009 13:05:27 +0200",
doi="10.2307/2319392",
opturl="http://eretrandre.org/rb/files/Guy1973_32.pdf",
opturl=""
}

@Article{Hadamard:TwoWorksOnIteration,
author="Hadamard, J.",
title="Two works on iteration and related questions",
journal="Bull. Am. Math. Soc.",
year="1944",
volume="50",
pages="67--75",
optkeywords="bibtex-import",
optlocation="Henryk Trappmann (henryk@pool.math.tu-berlin.de)",
optnote="exported from refbase (http://eretrandre.org/rb/show.php?record=138), last updated on Sun, 22 Nov 2009 22:17:33 +0100"
}

@Book{ref50.0153.04,
author="Hardy, G.H.",
title="Orders of infinity. {T}he {\textquoteleft}{\textquoteleft}Infinit{\"a}rcalc{\"u}l{\textquoteright}{\textquoteright} of {P}aul du {B}ois-Reymond.",
series="Cambridge Tracts in Mathematics and Mathematical Physics.",
year="1924",
edition="Second",
publisher="Cambridge, 77 S. $8^\circ$",
volume="12",
optlocation="Henryk Trappmann (henryk@pool.math.tu-berlin.de)",
optnote="exported from refbase (http://eretrandre.org/rb/show.php?record=25), last updated on Tue, 02 Jun 2009 00:52:45 +0200"
}

@Book{Hardy:Infinities,
author="Hardy, G.H.",
title="Orders of infinity. {T}he {\textquoteleft}{\textquoteleft}Infinit{\"a}rcalc{\"u}l{\textquoteright}{\textquoteright} of {P}aul du {B}ois-Reymond",
series="Cambridge Tracts in Mathematics and Mathematical Physics",
year="1910",
publisher="Cambridge University Press",
volume="No. 12",
optkeywords="bibtex-import",
optlocation="Henryk Trappmann (henryk@pool.math.tu-berlin.de)",
optnote="exported from refbase (http://eretrandre.org/rb/show.php?record=173), last updated on Sun, 22 Nov 2009 22:25:24 +0100"
}

@Article{hilberdink:orders,
author="Hilberdink, T.",
title="Orders of growth of real functions",
journal="Real Anal. Exch.",
year="2007",
volume="32",
number="2",
pages="359--389",
optkeywords="abel-functional-equation",
optkeywords="fractional-iteration",
optkeywords="growth-of-functions",
optkeywords="orders-of-infinity",
optlocation="Henryk Trappmann (henryk@pool.math.tu-berlin.de)",
optnote="exported from refbase (http://eretrandre.org/rb/show.php?record=26), last updated on Sun, 22 Nov 2009 11:26:26 +0100",
opturl="http://eretrandre.org/rb/files/Hilberdink2007_26.pdf",
opturl=""
}

@Article{hooshmand:ultra,
author="Hooshmand, M.H.",
title="Ultra power and ultra exponential functions",
journal="Integral Transforms Spec. Funct.",
year="2006",
volume="17",
number="8",
pages="549--558",
optkeywords="convex",
optkeywords="differentiable",
optkeywords="file-import-09-03-19",
optkeywords="super-exponential",
optkeywords="uniqueness",
optlocation="Henryk Trappmann (henryk@pool.math.tu-berlin.de)",
optnote="exported from refbase (http://eretrandre.org/rb/show.php?record=83), last updated on Sat, 13 Jun 2009 13:06:33 +0200",
doi="10.1080/10652460500422247",
opturl="http://eretrandre.org/rb/files/Hooshmand2006_83.pdf",
opturl=""
}

@Book{MR1091716,
author="Horn, R.A.
and Johnson, C.R.",
title="Topics in matrix analysis",
year="1991",
publisher="Cambridge University Press",
optkeywords="file-import-09-03-23",
optlocation="Henryk Trappmann (henryk@pool.math.tu-berlin.de)",
optnote="exported from refbase (http://eretrandre.org/rb/show.php?record=9), last updated on Mon, 25 May 2009 23:32:50 +0200"
}

@Book{horn:topics,
author="Horn, R.A.
and Johnson, C.R.",
title="Topics in matrix analysis",
year="1991",
publisher="Cambridge University Press",
optkeywords="Hadamard-Schur product",
optkeywords="Lyapunov stability",
optkeywords="functions of matrices",
optkeywords="singular values",
optkeywords="eigenvalues",
optkeywords="numerical range",
optkeywords="Toeplitz-Hausdorff convexity",
optkeywords="Gershgorin-type localization",
optkeywords="Lyapunov equation",
optkeywords="M-matrices",
optkeywords="Kronecker product",
optkeywords="linear matrix equations",
optkeywords="Shoda characterizations",
optkeywords="commutators",
optkeywords="Frobenius characterizations",
optkeywords="invariant norm",
optkeywords="trace",
optkeywords="exponentials",
optkeywords="matrix analysis",
abstract="This book is a sequel to the authors",
optlocation="Henryk Trappmann (henryk@pool.math.tu-berlin.de)",
optnote="exported from refbase (http://eretrandre.org/rb/show.php?record=194), last updated on Mon, 03 Aug 2009 19:50:46 +0200",
isbn="0-521-30587-X"
}

@Article{Horowitz:IteratedLogarithms,
author="Horowitz, C.",
title="Iterated logarithms of entire functions",
journal="Israel J. Math.",
year="1978",
volume="29",
number="1",
pages="31--42",
optkeywords="bibtex-import",
optlocation="Henryk Trappmann (henryk@pool.math.tu-berlin.de)",
optnote="exported from refbase (http://eretrandre.org/rb/show.php?record=168), last updated on Sun, 22 Nov 2009 22:26:18 +0100"
}

@Misc{Iga::,
author="Iga, Kevin",
title="Continuous half-Iterates of functions",
optlocation="Henryk Trappmann (henryk@pool.math.tu-berlin.de)",
optnote="unreviewed",
optnote="exported from refbase (http://eretrandre.org/rb/show.php?record=211), last updated on Sat, 31 Oct 2009 17:13:42 +0100",
opturl="http://eretrandre.org/rb/files/Iga_211.pdf",
opturl=""
}

@Article{Iwasawa:OnLinearlyOrderedGroups,
author="Iwasawa, K.",
title="On linearly ordered groups",
journal="J. Math. Soc. Japan",
year="1948",
volume="1",
pages="1--9",
optkeywords="bibtex-import",
optlocation="Henryk Trappmann (henryk@pool.math.tu-berlin.de)",
optnote="exported from refbase (http://eretrandre.org/rb/show.php?record=169), last updated on Sun, 22 Nov 2009 22:27:28 +0100"
}

@Article{ref0038.01301,
author="Iwasawa, K.",
title="On linearly ordered groups",
journal="J. Math. Soc. Japan",
year="1948",
volume="1",
number="1",
pages="1--9",
optkeywords="Group theory",
optkeywords="composition series",
optkeywords="composition factor",
optlocation="Henryk Trappmann (henryk@pool.math.tu-berlin.de)",
optnote="exported from refbase (http://eretrandre.org/rb/show.php?record=240), last updated on Sun, 18 Apr 2010 18:05:44 +0200"
}

@Article{Jabotinsky:Analytic,
author="Jabotinsky, Eri",
title="Analytic iteration",
journal="Trans. Amer. Math. Soc.",
year="1963",
volume="108",
pages="457--477",
optkeywords="bibtex-import",
optlocation="Henryk Trappmann (henryk@pool.math.tu-berlin.de)",
optnote="exported from refbase (http://eretrandre.org/rb/show.php?record=152), last updated on Sun, 22 Nov 2009 22:28:01 +0100",
opturl="http://eretrandre.org/rb/files/Jabotinsky1963_152.pdf",
opturl=""
}

@Article{jabotinsky:representation,
author="Jabotinsky, Eri",
title="Representation of functions by matrices. Application to Faber polynomials",
journal="Proc. Am. Math. Soc.",
year="1953",
volume="4",
pages="546--553",
optkeywords="complex",
optkeywords="file-import-09-03-19",
optkeywords="functions",
optlocation="Henryk Trappmann (henryk@pool.math.tu-berlin.de)",
optnote="exported from refbase (http://eretrandre.org/rb/show.php?record=89), last updated on Sun, 22 Nov 2009 08:33:13 +0100",
doi="10.2307/2032522",
opturl="http://eretrandre.org/rb/files/Jabotinsky1953_89.pdf",
opturl=""
}

@Article{ref0029.03202,
author="Jabotinsky, Eri",
title="Sur la repr{\'e}sentation de la composition de fonctions par un produit de matrices. Application {\`a} l{\textquoteright}it{\'e}ration de $e^z$ et de $e^z-1$",
journal="C. R. Acad. Sci., Paris",
year="1947",
volume="224",
pages="323--324",
optkeywords="complex",
optkeywords="file-import-09-03-19",
optkeywords="functions",
optlocation="Henryk Trappmann (henryk@pool.math.tu-berlin.de)",
optnote="TUB UB HB 1.1835-261.1965, Sign 4Z462, Comptes rendus hebdomadairs des s{\'e}ances de l{\textquoteright}Acad{\'e}mie de Sciences",
optnote="exported from refbase (http://eretrandre.org/rb/show.php?record=88), last updated on Sun, 18 Apr 2010 19:18:20 +0200",
opturl="http://www-pool.math.tu-berlin.de/\~{}henryk/reviews/MR0019728.pdf"
}

@Article{ref0666.20016,
author="Johnson, D.L.",
title="The group of formal power series under substitution",
journal="J. Aust. Math. Soc., Ser. A",
year="1988",
volume="45",
number="3",
pages="296--302",
optkeywords="formal power series",
optkeywords="filtration",
optkeywords="nilpotent",
optkeywords="lower central series",
abstract="Let G(R) denote the group of all formal power series over a commutative ring R under formal substitution. The natural filtration on ${\bbfR}[[x]]$ induces the filtration $\{K\sb n\}$ on G(R). The following {\textquoteleft}{\textquoteleft}large{\textquoteright}{\textquoteright} properties are derived: If $R\sp+$ is torsionfree, then so is G(R). The groups $G(R)/K\sb n$ are nilpotent and $\cap\sb{n}K\sb n=1$. If R is a principal ideal domain of characteristic zero then any commuting elements of G(R) are powers of a common element. The elements $z(1+3z)\sp{-1}$, $z(1+(3z)\sp 3)\sp{-1/3}$ generate a free nonabelian group. Also the structure of the lower central series of G(R) is determined.",
optlocation="Henryk Trappmann (henryk@pool.math.tu-berlin.de)",
optnote="exported from refbase (http://eretrandre.org/rb/show.php?record=244), last updated on Sun, 18 Apr 2010 18:37:09 +0200"
}

@Article{karlin:embedding,
author="Karlin, S.
and Mcgregor, J.",
title="Embedding iterates of analytic functions with two fixed points into continuous groups",
journal="Trans. Am. Math. Soc.",
year="1968",
volume="132",
pages="137--145",
optkeywords="complex-functions",
optkeywords="file-import-09-03-21",
optlocation="Henryk Trappmann (henryk@pool.math.tu-berlin.de)",
optnote="exported from refbase (http://eretrandre.org/rb/show.php?record=55), last updated on Sat, 13 Jun 2009 13:09:14 +0200",
doi="10.2307/1994886",
opturl="http://eretrandre.org/rb/files/Karlin1968_55.pdf",
opturl=""
}

@Article{karlin:embeddability,
author="Karlin, S.
and Mcgregor, J.",
title="Embeddability of discrete time simple branching processes into continuous time branching processes",
journal="Trans. Am. Math. Soc.",
year="1968",
volume="132",
pages="115--136",
optkeywords="file-import-09-03-21",
optkeywords="probability",
optkeywords="theory",
optlocation="Henryk Trappmann (henryk@pool.math.tu-berlin.de)",
optnote="exported from refbase (http://eretrandre.org/rb/show.php?record=56), last updated on Sat, 13 Jun 2009 13:08:45 +0200",
doi="10.2307/1994885",
opturl="http://eretrandre.org/rb/files/Karlin1968_56.pdf",
opturl=""
}

@Article{kharlampovich:hyperbolic,
author="Kharlampovich, O.
and Myasnikov, A.",
title="Hyperbolic groups and free constructions",
journal="Trans. Am. Math. Soc.",
year="1998",
volume="350",
number="2",
pages="571--613",
optkeywords="chains-of-groups",
optkeywords="conjugacy-problem",
optkeywords="conjugate-separated-subgroups",
optkeywords="decision-problems",
optkeywords="file-import-09-03-23",
optkeywords="finitely-generated-groups",
optkeywords="gromov-hyperbolicity",
optkeywords="hnn-extensions",
optkeywords="hyperbolic-groups",
optkeywords="quasiconvex-subgroups",
optkeywords="rational-completions-of-groups",
optkeywords="word-problem",
optlocation="Henryk Trappmann (henryk@pool.math.tu-berlin.de)",
optnote="exported from refbase (http://eretrandre.org/rb/show.php?record=17), last updated on Sat, 13 Jun 2009 13:10:28 +0200",
doi="10.1090/S0002-9947-98-01773-5",
opturl="http://eretrandre.org/rb/files/Kharlampovich1998_17.pdf",
opturl=""
}

@Article{kharlampovich:equations,
author="Kharlampovich, O.
and Myasnikov, A.",
title="Equations in a free $\bold Q$-group",
journal="Trans. Am. Math. Soc.",
year="1998",
volume="350",
number="3",
pages="947--974",
optkeywords="algorithms",
optkeywords="cayley-diagrams",
optkeywords="diophantine-problem",
optkeywords="file-import-09-03-23",
optkeywords="finite-systems-of-equations",
optkeywords="free-groups-with-roots",
optkeywords="recursive-sets-of-primes",
optlocation="Henryk Trappmann (henryk@pool.math.tu-berlin.de)",
optnote="exported from refbase (http://eretrandre.org/rb/show.php?record=18), last updated on Sat, 13 Jun 2009 13:09:55 +0200",
doi="10.1090/S0002-9947-98-01798-X",
opturl="http://eretrandre.org/rb/files/Kharlampovich1998_18.pdf",
opturl=""
}

@Article{Kimberley:GroupsOnTreeProducts,
author="Kimberley, J.S.
and Robertson, G.",
title="Groups acting on products of trees, tiling systems and analytic $\Kappa$-theory",
journal="New York J. Math.",
year="2002",
volume="8",
pages="111--131",
optkeywords="bibtex-import",
optlocation="Henryk Trappmann (henryk@pool.math.tu-berlin.de)",
optnote="exported from refbase (http://eretrandre.org/rb/show.php?record=115), last updated on Sun, 22 Nov 2009 22:29:16 +0100"
}

@Article{kimura:iteration,
author="Kimura, T.",
title="On the iteration of analytic functions",
journal="Funkc. Ekvacioj, Ser. Int.",
year="1971",
volume="14",
pages="197--238",
optkeywords="file-import-09-03-23",
optlocation="Henryk Trappmann (henryk@pool.math.tu-berlin.de)",
optnote="exported from refbase (http://eretrandre.org/rb/show.php?record=16), last updated on Sat, 13 Jun 2009 13:11:16 +0200",
opturl="http://eretrandre.org/rb/files/Kimura1971_16.pdf",
opturl=""
}

@PhdThesis{Kindermann:2001:,
author="Kindermann, Lars",
title="Neuronale Netze zur Berechnung von iterativen Wurzeln und fraktionalen Iterationen",
year="2001",
optlocation="Henryk Trappmann (henryk@pool.math.tu-berlin.de)",
optnote="exported from refbase (http://eretrandre.org/rb/show.php?record=210), last updated on Sun, 22 Nov 2009 11:39:42 +0100",
opturl="http://eretrandre.org/rb/files/Kindermann2001_210.pdf",
opturl=""
}

@Article{ref0501.03017,
author="Kirby, L.
and Paris, J.",
title="Accessible independence results for Peano arithmetic",
journal="Bull. Lond. Math. Soc.",
year="1982",
volume="14",
pages="285--293",
optkeywords="arithmetic",
optkeywords="file-import-09-03-23",
optkeywords="first",
optkeywords="order",
optkeywords="ordinals",
optkeywords="transfinite",
optlocation="Henryk Trappmann (henryk@pool.math.tu-berlin.de)",
optnote="exported from refbase (http://eretrandre.org/rb/show.php?record=14), last updated on Mon, 25 May 2009 23:32:50 +0200",
doi="10.1112/blms/14.4.285"
}

@Article{Kneser:Reelle,
author="Kneser, H.",
title="Reelle analytische {L}{\"o}sungen der {G}leichung {$\varphi(\varphi(x))=e^x$} und verwandter {F}unktionalgleichungen",
journal="J. Reine Angew. Math.",
year="1949",
volume="187",
pages="56--67",
optkeywords="bibtex-import",
optkeywords="complex",
optkeywords="functions",
optlocation="Henryk Trappmann (henryk@pool.math.tu-berlin.de)",
optnote="own scanned copy from copy from the library",
optnote="exported from refbase (http://eretrandre.org/rb/show.php?record=141), last updated on Sun, 22 Nov 2009 22:29:59 +0100",
opturl="http://eretrandre.org/rb/files/Kneser1949_141.pdf",
opturl=""
}

@Article{Knoebel:ExponentialsReiterated,
author="Knoebel, A.R.",
title="Exponentials reiterated",
journal="Amer. Math. Monthly",
year="1981",
volume="88",
number="4",
pages="235--252",
optkeywords="bibtex-import",
optkeywords="exponentials",
optkeywords="iterated-exponentials",
optlocation="Henryk Trappmann (henryk@pool.math.tu-berlin.de)",
optnote="exported from refbase (http://eretrandre.org/rb/show.php?record=158), last updated on Sun, 22 Nov 2009 22:30:46 +0100",
opturl="http://eretrandre.org/rb/files/Knoebel1981_158.pdf",
opturl=""
}

@Article{ref40.0205.02,
author="Koch, Helge",
title="Sur la convergence des d{\'e}terminants infinis",
journal="Palermo Rend.",
year="1909",
volume="28",
pages="265--266",
optkeywords="file-import-09-03-19",
optlocation="Henryk Trappmann (henryk@pool.math.tu-berlin.de)",
optnote="exported from refbase (http://eretrandre.org/rb/show.php?record=108), last updated on Sun, 22 Nov 2009 08:34:51 +0100"
}

@Inbook{Koldunov:CoincidenceCompletion,
author="Koldunov, A.V.",
chapter="Conditions for coincidence of the {$\Kappa$}-completion of an {A}rchimedean {$l$}-group with its {$\omicron$}-completion",
title="Modern algebra (Russian)",
year="1980",
publisher="Leningrad. Gos. Ped. Inst.",
pages="50--57",
optkeywords="bibtex-import",
optlocation="Henryk Trappmann (henryk@pool.math.tu-berlin.de)",
optnote="exported from refbase (http://eretrandre.org/rb/show.php?record=167), last updated on Mon, 25 May 2009 23:32:50 +0200"
}

@Article{ref0905.20028,
author="Kopytov, V.M.",
title="Groups of formal power series are fully orderable",
journal="Algebra Logika",
year="1998",
volume="37",
number="3",
pages="301--319",
optkeywords="linearly ordered groups",
optkeywords="weakly Abelian linear orders",
optkeywords="central series",
optkeywords="torsion-free groups",
optkeywords="embeddings of free groups",
optkeywords="ordered solvable groups",
abstract="The examples of fully orderable groups known by now were obtained using direct products and the local theorem for torsion-free nilpotent groups and ordered solvable groups of derived length 2. There are also some isolated examples of fully orderable groups each of which is likewise solvable. Yet, there are no examples of fully orderable groups that are not locally solvable (at least they are missing in the literature). The author constructs an example of a fully orderable group that is not locally solvable. The group admits a weakly Abelian linear order, i.e., it contains a central series of subgroups with torsion-free factors. The author also shows that a free group is embedded in a fully orderable group. To this end, use is made of a group of invertible formal power series with zero free term under composition.",
optlocation="Henryk Trappmann (henryk@pool.math.tu-berlin.de)",
optnote="exported from refbase (http://eretrandre.org/rb/show.php?record=257), last updated on Sun, 18 Apr 2010 23:42:29 +0200"
}

@Article{kopytov:ordered,
author="Kopytov, V.M.",
title="Ordered groups",
journal="J. Sov. Math.",
year="1983",
volume="23",
pages="2627--2642",
optkeywords="automorphisms-of-l-groups",
optkeywords="complete-l-groups",
optkeywords="file-import-09-03-21",
optkeywords="lattice-of-varieties",
optkeywords="lattice-ordered-groups",
optkeywords="linearly-ordered-groups",
optkeywords="radical-classes",
optkeywords="riesz-groups",
optkeywords="right-ordered-groups",
optkeywords="survey",
optkeywords="varieties-of-l-groups",
optlocation="Henryk Trappmann (henryk@pool.math.tu-berlin.de)",
optnote="exported from refbase (http://eretrandre.org/rb/show.php?record=31), last updated on Sat, 13 Jun 2009 13:14:20 +0200",
doi="10.1007/BF01090174",
opturl="http://eretrandre.org/rb/files/Kopytov1983_31.pdf",
opturl=""
}

@Article{kouznetsov:solution,
author="Kouznetsov, D.",
title="Solution of $F(x+1)=\exp(F(x))$ in complex $z$-plane",
journal="Mathematics of Computation",
year="2009",
volume="78",
pages="1647--1670",
optkeywords="abel  equation",
optkeywords="super function",
optkeywords="holomorphic  solution",
optlocation="Henryk Trappmann (henryk@pool.math.tu-berlin.de)",
optnote="exported from refbase (http://eretrandre.org/rb/show.php?record=91), last updated on Tue, 17 Nov 2009 22:45:51 +0100",
opturl="http://eretrandre.org/rb/files/Kouznetsov2009_91.pdf",
opturl=""
}

@Article{Kouznetsov:factorial,
author="Kouznetsov, D.
and Trappmann, H.",
title="Superfunctions and square root of factorial",
journal="Moscow University Physics Bulletin",
year="2010",
volume="65",
number="1",
pages="6--12",
optlocation="Henryk Trappmann (henryk@pool.math.tu-berlin.de)",
optnote="exported from refbase (http://eretrandre.org/rb/show.php?record=223), last updated on Mon, 17 May 2010 11:59:53 +0200",
doi="10.3103/S0027134910010029",
opturl="http://www.ils.uec.ac.jp/~dima/PAPERS/2009superfae.pdf",
opturl="http://eretrandre.org/rb/files/Kouznetsov2010_223.pdf",
opturl=""
}

@Article{Kouznetsov:sqrt2,
author="Kouznetsov, Dmitrii
and Trappmann, Henryk",
title="Portrait of the four regular super-exponentials to base sqrt(2)",
journal="Mathematics of Computation",
year="2010",
volume="79",
pages="1727--1756",
optlocation="Henryk Trappmann (henryk@pool.math.tu-berlin.de)",
optnote="exported from refbase (http://eretrandre.org/rb/show.php?record=215), last updated on Mon, 17 May 2010 11:47:34 +0200",
opturl="http://eretrandre.org/rb/files/Kouznetsov2009_215.pdf",
opturl=""
}

@Article{MR0223545,
author="Krav{\v{c}}enko, F.G.",
title="Representation of the roots of polynomials in the form of power series and infinite determinants",
journal="Vy\v cisl. Prikl. Mat. (Kiev) Vyp.",
year="1967",
volume="4",
pages="70--89",
optkeywords="file-import-09-03-21",
optlocation="Henryk Trappmann (henryk@pool.math.tu-berlin.de)",
optnote="exported from refbase (http://eretrandre.org/rb/show.php?record=72), last updated on Mon, 25 May 2009 23:32:50 +0200"
}

@Article{MR0076998,
author="Krukovskii, B.V.",
title="On the relation between some formulas of the determinantal and nondeterminantal theories of systems of linear equations with an infinite number of unknowns",
journal="Kiev. Avtomobil.-Doro{\v z}. Inst. Trudy",
year="1955",
volume="2",
pages="176--188",
optkeywords="file-import-09-03-19",
optlocation="Henryk Trappmann (henryk@pool.math.tu-berlin.de)",
optnote="exported from refbase (http://eretrandre.org/rb/show.php?record=105), last updated on Wed, 31 Mar 2010 21:40:27 +0200",
opturl="http://eretrandre.org/rb/files/Krukovskii1955_105.djvu",
opturl=""
}

@Article{Kuczma:IterationConvexFunctions,
author="Kuczma, M.",
title="Regular fractional iteration of convex functions",
journal="Ann. Polon. Math.",
year="1980",
volume="38",
number="1",
pages="95--100",
optkeywords="bibtex-import",
optlocation="Henryk Trappmann (henryk@pool.math.tu-berlin.de)",
optnote="exported from refbase (http://eretrandre.org/rb/show.php?record=145), last updated on Sun, 22 Nov 2009 22:31:45 +0100"
}

@Book{Kuczma:IterativeFunctionalEquations,
author="Kuczma, M.
and Choczewski, B.
and Ger, R.",
title="Iterative functional equations",
series="Encyclopedia of Mathematics and Its Applications",
year="1990",
publisher="Cambridge University Press",
volume="32",
optkeywords="functional equations in a single variable",
optkeywords="Iterative functional equations",
optkeywords="general solutions",
optkeywords="continuous iteration groups",
optkeywords="existence",
optkeywords="uniqueness",
optkeywords="fixed-point methods",
optkeywords="Schr\&quot",
optkeywords="oder{\textquoteright}s and Abel{\textquoteright}s equations",
optkeywords="iteration theory",
optkeywords="conjugate and commuting functions",
optkeywords="superpositions",
optkeywords="invariant curves",
optkeywords="linear functional inequalities",
optkeywords="discrete dynamical systems",
optlocation="Henryk Trappmann (henryk@pool.math.tu-berlin.de)",
optnote="exported from refbase (http://eretrandre.org/rb/show.php?record=178), last updated on Sun, 22 Nov 2009 22:32:39 +0100",
isbn="0521355613"
}

@InProceedings{Kuenzi:DoitchinovCompletion,
author="K{\"u}nzi, Hans-Peter A.
and Romaguera, Salvador
and Sipacheva, Ol{\textquoteright}ga V.",
editor="Hanna, Alan",
title="The Doitchinov completion of a regular paratopological group",
booktitle="Topology Atlas",
year="1997",
pages="19",
optkeywords="bibtex-import",
optlocation="Henryk Trappmann (henryk@pool.math.tu-berlin.de)",
optnote="exported from refbase (http://eretrandre.org/rb/show.php?record=114), last updated on Sun, 22 Nov 2009 22:21:35 +0100"
}

@Article{ref16.0376.02,
author="K{\oe}nigs, G.",
title="Sur les int{\'e}grales de certaines {\'e}quations fonctionnelles. (On the integrals of certain functional equations.)",
journal="C. R. IC.",
year="1885",
pages="1016--1017",
optkeywords="file-import-09-05-24",
optkeywords="iteration-of-functions",
optkeywords="koenigss-functional-equation",
optkeywords="schroeders-functional-equation",
abstract="(Siehe auch JFM 16.0376.01) Herr K{\"o}nigs berichtet in den C. R. {\"u}ber seine Arbeit im wesentlichen Folgendes. Die Functionalgleichung $f\{\varphi(z)\}=1+f(z)$ wurde studirt voll Abel, sie besch{\"a}ftigte ferner Herrn Korkine (Darboux Hull. (2) VI.). Auf sie kommt man, wenn man von den beiden Seiten der oben erw{\"a}hnten Schr{\"o}der{\textquoteright}schen Gleichung $f[\varphi(z)]=af(z)$ die Logarithmen nimmt. Herr K{\"o}nigs suchte die von seinen Vorg{\"a}ngern hinsichtlich $\varphi(z)$ gemachten Voraussetzungen auf die n{\"o}tige Anzahl zur{\"u}ckzuf{\"u}hren. Er zeigte in einer fr{\"u}heren Arbeit (vgl. F. d. M. XIV. 1882. 114, JFM 15.0114.01?), dass der Holomorphismus von $\varphi(z)$ in einem Kreise $C_x$, dessen Mittelpunkt ein Grenzpunkt $x$, d. i. ein Punkt, f{\"u}r den $\varphi(x)=x$ ist, hinreicht, um die fr{\"u}her gewonnenen Resultate abzuleiten. Bezeichnet $z_p=\varphi_p(z)$ die Operation $\varphi(z)\ p$-mal ausgef{\"u}hrt, so hat der Bruch $\frac{\varphi_p(z)-x}{[\varphi{\textquoteright}(x)]^p}$ zum Grenzwert bei $p=+\infty$ eine Function $B(z)$, welche innerhalb des Kreises $C_x$ holomorph ist. $B(z)$ ist eine L{\"o}sung der Schr{\"o}der{\textquoteright}schen Gleichung f{\"u}r $a=\varphi{\textquoteright}(x)$. Die L{\"o}sungen dieser Gleichung, welche im Punkte $x$ holo- oder meromorphe sind, fallen innerhalb des Kreises $C_x$ bis auf einen constanten Factor mit einer ganzen Potenz von $B(z)$ zusammen. Die Gleichung von Abel l{\"a}sst keine im Punkte $x$ holo- oder meromorphe L{\"o}sung zu, aber sie besitzt eine und , von einer additiven Constante abgesehen, nur eine L{\"o}sung, welche in $x$ eine logarithmische Singularit{\"a}t hat, n{\"a}mlich $$b(z)=\log B(z):\log \varphi{\textquoteright}(x).$$ Die Function $b(z)$ f{\"u}hrt mit H{\"u}lfe einer willk{\"u}rlichen periodischen Function zur allgemeinen L{\"o}sung der Gleichungen von Abel und Schr{\"o}der im Kreise $C_x$. \par Die von Herrn K{\"o}nigs angewandte Methode ist auch f{\"u}r die allgemeineren Gleichungen $$f[\varphi(z)]=\omega(z)+f(z),\quad f[\varphi(z)]=\chi(z)f(z),$$ wo $\varphi,\chi,\omega$ gegebene Functionen sind, brauchbar. Er entwickelt zuerst ihre einzige im Kreise $C_x$ holomorphe L{\"o}sung; aus ihr entsteht das allgemeine Integral durch Addition bezw. Multiplication mit $\varOmega[b(z)]$, wo $\varOmega(y)$ eine periodische Function von $y$ mit der Periode 1 bedeutet. \par Es wird ferner angenommen, dass sich die Gr{\"o}ssen $$z_{j+nk}\qquad (0\leqq j&lt;k,\ n=0,l,\dots)$$ verschiedenen Grenzwerten bei um $n=+\infty$ n{\"a}hern. Dann existirt in der Umgebung $C_x$ eines jeden dieser Grenzwerte eine solche Function, dass der Bruch $f[\varphi(z)]:f(z)$ darin constant bleibt, jedoch sein constanter Wert von einer Umgebung zur anderen sich {\"a}ndert. L{\"a}sst man $f(z)$ eine Function sein, welche innerhalb $C_j$ mit der eben erw{\"a}hnten {\"u}bereinstimmt, so h{\"a}ngt sie von $k$ willk{\"u}rlichen Parametern ab. Man kann sie so bestimmen, dass die constanten Werte von $f[\varphi(z)]:f(z)$ alle gleich sind. Die Aufl{\"o}sung dieser Aufgabe h{\"a}ngt von der Gleichung $\lambda^k=a$ ab, so dass es soviele Functionen $B(z)$ giebt als Grenzpunkte f{\"u}r die Gr{\"o}ssen $z_p$ der obigen Reihe. Jede derselben befriedigt die Schr{\"o}der{\textquoteright}sche Gleichung, wodurch man zum allgemeinen Typus ihrer L{\"o}sung gelangt. \par Herr Koenigs f{\"u}hrt mehrere Beispiele durch, insbesondere das von Abel, wo $\varphi(z)=z^\mu$ und $\mu$ irgend eine reelle Zahl zwischen 0 und 1 ist.",
optlocation="Henryk Trappmann (henryk@pool.math.tu-berlin.de)",
optnote="exported from refbase (http://eretrandre.org/rb/show.php?record=1), last updated on Wed, 02 Dec 2009 17:00:32 +0100"
}

@Article{MR1508749,
author="K{\oe}nigs, G.",
title="Recherches sur les int{\'e}grales de certaines {\'e}quations fonctionnelles",
journal="Annales Scientifiques de l{\textquoteright}{\'E}cole Normale Sup{\'e}rieure.  Troisi{\`e}me S{\'e}rie",
year="1884",
volume="1",
pages="3--41",
optlocation="Henryk Trappmann (henryk@pool.math.tu-berlin.de)",
optnote="exported from refbase (http://eretrandre.org/rb/show.php?record=200), last updated on Wed, 02 Dec 2009 17:00:51 +0100",
issn="0012-9593"
}

@Article{Laenger:ConvergenceExponentials,
author="L{\"a}nger, Helmut",
title="An elementary proof of the convergence of iterated exponentials",
journal="Elem. Math.",
year="1996",
volume="51",
number="2",
pages="75--77",
optkeywords="bibtex-import",
optlocation="Henryk Trappmann (henryk@pool.math.tu-berlin.de)",
optnote="exported from refbase (http://eretrandre.org/rb/show.php?record=157), last updated on Sun, 22 Nov 2009 22:33:44 +0100"
}

@Article{Leau:1897:Etude,
author="Leau, L{\'e}opold",
title="{\'E}tude sur les {\'e}quations fonctionnelles {\`a} une ou {\`a} plusieurs variables",
journal="Ann. Fac. Sci. Toulouse Sci. Math. Sci. Phys.",
year="1897",
volume="11",
number="3",
pages="25",
abstract="Im ersten Teil wird die M{\"o}glichkeit, eine vorgelegte Functionalgleichung durch holomorphe Functionen zu befriedigen, unter allgemeinen Voraussetzungen bewiesen, zuerst mit H{\"u}lfe von fonctions majorantes, dann durch successive Approximationen. Kapitel 3 behandelt F{\"a}lle, in denen jene Voraussetzungen nicht zutreffen, mit H{\"u}lfe von unendlichen Producten. Der zweite Teil (S. 41) behandelt die Gleichungen: $f[\varphi(z)]=f(z)+a$, $f[\varphi(z)]=af(z)$ f{\"u}r den bisher nicht untersuchten Fall, dass in einem Wurzelpunkte der Gleichung $\varphi(z)=zd\varphi(z)/dz=$ einer Einheitswurzel ist, sowie entsprechende Gleichungen f{\"u}r mehrere Variabeln.",
optlocation="Henryk Trappmann (henryk@pool.math.tu-berlin.de)",
optnote="exported from refbase (http://eretrandre.org/rb/show.php?record=187), last updated on Tue, 02 Jun 2009 00:02:58 +0200",
issn="0996-0481"
}

@Article{levy:fonctions,
author="L{\'e}vy, Paul",
title="Fonctions {\`a} croissance r{\'e}guli{\`e}re et it{\'e}ration d",
journal="Annali di Matematica Pura ed Applicata",
year="1928",
volume="5",
number="4",
pages="269--298",
optlocation="Henryk Trappmann (henryk@pool.math.tu-berlin.de)",
optnote="exported from refbase (http://eretrandre.org/rb/show.php?record=199), last updated on Sun, 22 Nov 2009 08:52:50 +0100"
}

@Article{levy:exponentielle,
author="L{\'e}vy, Paul",
title="Sur l{\textquoteright}it{\'e}ration de la fonction exponentielle",
journal="C. R.",
year="1927",
volume="184",
pages="500--502",
optlocation="Henryk Trappmann (henryk@pool.math.tu-berlin.de)",
optnote="F{\"u}hrt iteration von exp auf iteration von exp(x)-1 zur{\"u}ck",
optnote="exported from refbase (http://eretrandre.org/rb/show.php?record=218), last updated on Sun, 22 Nov 2009 08:53:11 +0100"
}

@Article{ref0052.12603,
author="Le\d{z}a{\'n}ski, T.",
title="The Fredholm theory of linear equations in Banach spaces",
journal="Stud. Math.",
year="1953",
volume="13",
pages="244--276",
optkeywords="infinite-equation-system",
optlocation="Henryk Trappmann (henryk@pool.math.tu-berlin.de)",
optnote="exported from refbase (http://eretrandre.org/rb/show.php?record=78), last updated on Tue, 02 Jun 2009 00:55:45 +0200"
}

@Article{ref0302.30010,
author="Liverpool, L.S.O.",
title="Fractional iteration near a fix point of multiplier 1",
journal="J. Lond. Math. Soc., II. Ser.",
year="1975",
volume="9",
pages="599--609",
optlocation="Henryk Trappmann (henryk@pool.math.tu-berlin.de)",
optnote="exported from refbase (http://eretrandre.org/rb/show.php?record=227), last updated on Wed, 09 Dec 2009 19:39:20 +0100",
doi="10.1112/jlms/s2-9.4.599"
}

@Article{Loday:Arithmetree,
author="Loday, J. L.",
title="Arithmetree",
journal="J. Algebra",
year="2002",
volume="258",
number="1",
pages="275--309",
optkeywords="bibtex-import",
optlocation="Henryk Trappmann (henryk@pool.math.tu-berlin.de)",
optnote="exported from refbase (http://eretrandre.org/rb/show.php?record=131), last updated on Sun, 22 Nov 2009 22:34:33 +0100"
}

@Article{ref0568.39006,
author="Lundberg, A.",
title="Generalized distributivity for real, continuous functions. II: Local solutions in the continuous case",
journal="Aequationes Math.",
year="1985",
volume="28",
pages="236--251",
optkeywords="body",
optkeywords="components",
optkeywords="continuous",
optkeywords="differentiable",
optkeywords="dimension",
optkeywords="distributive",
optkeywords="extension",
optkeywords="file-import-09-03-21",
optkeywords="isotopy",
optkeywords="local-solution",
optkeywords="monotonic",
optkeywords="philandering-linear-functions",
optkeywords="piecewise-convex",
optkeywords="region",
optkeywords="restriction",
optlocation="Henryk Trappmann (henryk@pool.math.tu-berlin.de)",
optnote="exported from refbase (http://eretrandre.org/rb/show.php?record=52), last updated on Mon, 25 May 2009 23:32:50 +0200",
doi="10.1007/BF02189416"
}

@Article{ref53.0304.04,
author="Lyche, T.R.",
title="Une formule d{\textquoteright}it{\'e}ration",
journal="Bulletin S. M. F.",
year="1927",
volume="55",
pages="102--113",
optkeywords="file-import-09-03-31",
optlocation="Henryk Trappmann (henryk@pool.math.tu-berlin.de)",
optnote="exported from refbase (http://eretrandre.org/rb/show.php?record=3), last updated on Sun, 22 Nov 2009 08:56:01 +0100"
}

@Article{ref0108.02501,
author="Lyndon, R.C.",
title="Groups with parametric exponents",
journal="Trans. Am. Math. Soc.",
year="1960",
volume="96",
pages="518--533",
optkeywords="group theory",
optlocation="Henryk Trappmann (henryk@pool.math.tu-berlin.de)",
optnote="exported from refbase (http://eretrandre.org/rb/show.php?record=235), last updated on Sun, 18 Apr 2010 17:25:10 +0200",
opturl="http://eretrandre.org/rb/files/Lyndon1960_235.pdf",
opturl=""
}

@Article{MacDonnell:SomeCriticalPoints,
author="Macdonnell, J.",
title="Some critical points on the hyperpower functions {${}\sp n\!x=x\sp {x\sp {x\sp {\cdot\sp {\cdot\sp {\cdot}}}}}$}",
journal="Internat. J. Math. Ed. Sci. Tech.",
year="1989",
volume="20",
number="2",
pages="297--305",
optkeywords="bibtex-import",
optlocation="Henryk Trappmann (henryk@pool.math.tu-berlin.de)",
optnote="exported from refbase (http://eretrandre.org/rb/show.php?record=156), last updated on Sun, 22 Nov 2009 22:35:51 +0100"
}

@Article{Malcev:EinbettungAssoziativerSysteme2,
author="Malcev, A.",
title="{\"U}ber die {E}inbettung von assoziativen {S}ystemen in {G}ruppen. {II}",
journal="Rec. Math. [Mat. Sbornik] N.S.",
year="1940",
volume="8 (50)",
pages="251--264",
optkeywords="bibtex-import",
optlocation="Henryk Trappmann (henryk@pool.math.tu-berlin.de)",
optnote="exported from refbase (http://eretrandre.org/rb/show.php?record=162), last updated on Sun, 22 Nov 2009 22:38:27 +0100"
}

@Article{ref65.0079.01,
author="Malcev, A.",
title="{\"U}ber die Einbettung von assoziativen Systemen in Gruppen",
year="1939",
abstract="Eine Nebenerscheinung von Halbgruppen wird definiert und in die Gruppentheorie eingeordnet.",
optlocation="Henryk Trappmann (henryk@pool.math.tu-berlin.de)",
optnote="exported from refbase (http://eretrandre.org/rb/show.php?record=238), last updated on Sun, 18 Apr 2010 17:53:02 +0200"
}

@Article{Malcev:EinbettungAssoziativerSysteme,
author="Malcev, A.",
title="{\"U}ber die {E}inbettung von assoziativen {S}ystemen in {G}ruppen",
journal="Rec. Math. [Mat. Sbornik] N.S.",
year="1939",
volume="6 (48)",
pages="331--336",
optkeywords="bibtex-import",
optlocation="Henryk Trappmann (henryk@pool.math.tu-berlin.de)",
optnote="exported from refbase (http://eretrandre.org/rb/show.php?record=163), last updated on Sun, 22 Nov 2009 22:37:57 +0100"
}

@Article{ref0802.47010,
author="Marchetti, D.H.U.",
title="An alternative to Plemelj-Smithies formulas on infinite determinants",
journal="J. Funct. Anal.",
year="1993",
volume="117",
number="2",
pages="360--376",
optkeywords="determinants",
optkeywords="file-import-09-03-21",
optkeywords="for",
optkeywords="formulas",
optkeywords="infinite",
optkeywords="p-regularized",
optkeywords="plemelj-smithies",
optkeywords="quantities",
optkeywords="the",
optlocation="Henryk Trappmann (henryk@pool.math.tu-berlin.de)",
optnote="exported from refbase (http://eretrandre.org/rb/show.php?record=68), last updated on Mon, 25 May 2009 23:32:50 +0200",
doi="10.1006/jfan.1993.1130"
}

@Article{markowsky:chaincomplete,
author="Markowsky, G.",
title="Chain-complete posets and directed sets with applications",
journal="Algebra Univers.",
year="1976",
volume="6",
pages="53--68",
optkeywords="file-import-09-03-21",
optlocation="Henryk Trappmann (henryk@pool.math.tu-berlin.de)",
optnote="exported from refbase (http://eretrandre.org/rb/show.php?record=30), last updated on Sat, 13 Jun 2009 13:16:15 +0200",
doi="10.1007/BF02485815",
opturl="http://eretrandre.org/rb/files/Markowsky1976_30.pdf",
opturl=""
}

@Article{markowsky:bases,
author="Markowsky, G.
and Rosen, B.K.",
title="Bases for chain-complete posets",
journal="IBM J. Res. Dev.",
year="1976",
volume="20",
pages="138--147",
optkeywords="file-import-09-03-23",
optlocation="Henryk Trappmann (henryk@pool.math.tu-berlin.de)",
optnote="exported from refbase (http://eretrandre.org/rb/show.php?record=15), last updated on Sat, 13 Jun 2009 13:15:32 +0200",
opturl="http://eretrandre.org/rb/files/Markowsky1976_15.pdf",
opturl=""
}

@Book{Markushevich:1967:,
author="Markushevich, A. I.",
title="Theory of Functions of a Complex Variable",
year="1967",
publisher="Prentice-Hall",
optlocation="Henryk Trappmann (henryk@pool.math.tu-berlin.de)",
optnote="exported from refbase (http://eretrandre.org/rb/show.php?record=222), last updated on Sun, 22 Nov 2009 22:40:29 +0100",
isbn="B000B9FGKY",
opturl="http://eretrandre.org/rb/files/Markushevich1967_222.djvu",
opturl=""
}

@Book{Markushevich:1965:,
author="Markushevich, A. I.",
title="Theory of Functions of a Complex Variable",
year="1965",
publisher="Prentice-Hall",
optlocation="Henryk Trappmann (henryk@pool.math.tu-berlin.de)",
optnote="exported from refbase (http://eretrandre.org/rb/show.php?record=220), last updated on Sun, 22 Nov 2009 22:42:55 +0100",
isbn="B000Q9ZNRU",
opturl="http://eretrandre.org/rb/files/Markushevich1965_220.djvu",
opturl=""
}

@Book{Markushevich:1965:_2,
author="Markushevich, A. I.",
title="Theory of Functions of a Complex Variable",
year="1965",
publisher="Prentice-Hall",
optlocation="Henryk Trappmann (henryk@pool.math.tu-berlin.de)",
optnote="exported from refbase (http://eretrandre.org/rb/show.php?record=221), last updated on Sun, 22 Nov 2009 22:41:28 +0100",
isbn="B000Q9VWCA",
opturl="http://eretrandre.org/rb/files/Markushevich1965_221.djvu",
opturl=""
}

@Inbook{MR0180797_2,
author="Mechvari{{\vs}}vili, J.G.",
chapter="On the question of the convergence of a class of infinite determinants",
title="Trudy {I} i {II} {R}espubl. {K}onferenci\u\i\ {M}atematikov {V}ys. {U}\v cebn. {Z}aved. {G} ruzinsk. {SSR}",
year="1964",
publisher="Izdat. ",
pages="115--123",
optlocation="Henryk Trappmann (henryk@pool.math.tu-berlin.de)",
optnote="exported from refbase (http://eretrandre.org/rb/show.php?record=190), last updated on Tue, 02 Jun 2009 00:42:43 +0200"
}

@Article{Megrelishvili:EquivariantCompletions,
author="Megrelishvili, M.",
title="Equivariant completions",
journal="Comment. Math. Univ. Carolin.",
year="1994",
volume="35",
number="3",
pages="539--547",
optkeywords="bibtex-import",
optlocation="Henryk Trappmann (henryk@pool.math.tu-berlin.de)",
optnote="exported from refbase (http://eretrandre.org/rb/show.php?record=116), last updated on Sun, 22 Nov 2009 22:44:27 +0100"
}

@Article{Mehring:HauptsatzIteration,
author="Mehring, G.H.",
title="Der {H}auptsatz {\"u}ber {I}teration im {R}ing der formalen {P}otenzreihen",
journal="Aequationes Math.",
year="1987",
volume="32",
number="2-3",
pages="274--296",
optkeywords="bibtex-import",
optlocation="Henryk Trappmann (henryk@pool.math.tu-berlin.de)",
optnote="exported from refbase (http://eretrandre.org/rb/show.php?record=148), last updated on Sun, 22 Nov 2009 22:43:48 +0100"
}

@Article{ref0533.47018,
author="Mennicken, R.",
title="Die numerische {B}erechnung unendlicher {D}eterminanten",
journal="Z. Angew. Math. Mech.",
year="1982",
volume="62",
pages="T292-T295",
optkeywords="file-import-09-03-21",
optlocation="Henryk Trappmann (henryk@pool.math.tu-berlin.de)",
optnote="exported from refbase (http://eretrandre.org/rb/show.php?record=69), last updated on Sun, 22 Nov 2009 11:33:13 +0100",
issn="0044-2267"
}

@Article{meseguer:order,
author="Meseguer, J.",
title="Order completion monads",
journal="Algebra Univers.",
year="1983",
volume="16",
pages="63--82",
optkeywords="file-import-09-03-21",
optkeywords="monad",
optkeywords="monad-of-complete-semilattices",
optkeywords="tensor-product",
optkeywords="z-complete-poset",
optlocation="Henryk Trappmann (henryk@pool.math.tu-berlin.de)",
optnote="exported from refbase (http://eretrandre.org/rb/show.php?record=29), last updated on Sat, 13 Jun 2009 13:16:55 +0200",
doi="10.1007/BF01191754",
opturl="http://eretrandre.org/rb/files/Meseguer1983_29.pdf",
opturl=""
}

@Article{ref0148.13702,
author="Michel, H.",
title="Untersuchungen {\"u}ber stetige, monotone Iterationsgruppen reeller Funktionen ohne Differenzierbarkeitsvoraussetzungen",
journal="Publ. Math.",
year="1962",
volume="9",
pages="13--46",
optkeywords="functional analysis",
optkeywords="continuous iteration groups",
optkeywords="fractional iteration",
optlocation="Henryk Trappmann (henryk@pool.math.tu-berlin.de)",
optnote="exported from refbase (http://eretrandre.org/rb/show.php?record=245), last updated on Sun, 18 Apr 2010 18:39:08 +0200"
}

@Book{milnor:dynamics,
author="Milnor, J.",
title="Dynamics in one complex variable. 3rd ed",
year="2006",
publisher="Princeton Annals in Mathematics 160. Princeton, NJ: Princeton University Press. viii, 304~p. \sterling~59.00",
optkeywords="as before",
abstract="This is the third edition of a textbook on complex dynamics which has become a standard reference in the field. The basic outline has not changed from the first edition so that we refer to its review [Dynamics in one complex variable. Introductory lectures. Wiesbaden: Vieweg. (1999; Zbl 0946.30013)].\par However, many improvements and additions have been made. These changes are best summarized by quoting from the preface to the third edition: A brief historical survey has been added in \S 4.1, the definition of Latt{\`e}s map has been made more inclusive in \S 7.4, the {\'E}calle-Voronin theory of parabolic points is described in \S 10.12, the r{\'e}sidu it{\'e}ratif is studied in \S 12.9, the material on two complex variables in Appendix D has been expanded, and recent results on effective computability have been added in Appendix H. The list of references has also been updated and expanded. The book was called ",
optlocation="Henryk Trappmann (henryk@pool.math.tu-berlin.de)",
optnote="exported from refbase (http://eretrandre.org/rb/show.php?record=202), last updated on Sat, 24 Oct 2009 14:32:15 +0200"
}

@Article{MR0104717,
author="Minc, H.",
title="Theorems on nonassociative number theory",
journal="Amer. Math. Monthly",
year="1959",
volume="66",
pages="486--488",
optkeywords="file-import-09-03-21",
optkeywords="non-associative",
optkeywords="numbers",
optlocation="Henryk Trappmann (henryk@pool.math.tu-berlin.de)",
optnote="exported from refbase (http://eretrandre.org/rb/show.php?record=58), last updated on Mon, 25 May 2009 23:32:50 +0200"
}

@Article{ref0104.09602,
author="Morris, K.W.
and Szekeres, G.",
title="Tables of the logarithm of iteration of {$e\sp{x}-1$}",
journal="J. Austral. Math. Soc.",
year="1961",
volume="2",
pages="321--333",
optkeywords="abel-function",
optkeywords="decremented-exponential",
optkeywords="fractional-iteration",
optlocation="Henryk Trappmann (henryk@pool.math.tu-berlin.de)",
optnote="exported from refbase (http://eretrandre.org/rb/show.php?record=143), last updated on Mon, 25 May 2009 23:32:50 +0200"
}

@Article{ref0876.39007,
author="Moszner, Z.",
title="General theory of the translation equation",
journal="Aequationes Math.",
year="1995",
volume="50",
number="1-2",
pages="17--37",
optkeywords="file-import-09-03-21",
optkeywords="survey-paper",
optkeywords="translation-equation",
optlocation="Henryk Trappmann (henryk@pool.math.tu-berlin.de)",
optnote="exported from refbase (http://eretrandre.org/rb/show.php?record=43), last updated on Mon, 25 May 2009 23:32:50 +0200",
doi="10.1007/BF01831111"
}

@Article{Moszner:Solutions,
author="Moszner, Z.",
title="Sur des solutions globales et des solutions locales de l{\textquoteright}{\textquoteright}{e}quation de translation",
journal="C. R. Math. Rep. Acad. Sci. Canada",
year="1992",
volume="14",
number="5",
pages="219--224",
optkeywords="file-import-09-03-21",
optlocation="Henryk Trappmann (henryk@pool.math.tu-berlin.de)",
optnote="exported from refbase (http://eretrandre.org/rb/show.php?record=44), last updated on Sun, 22 Nov 2009 22:45:42 +0100"
}

@Inbook{MR1184172,
author="Moszner, Z.",
chapter="Sur des it{\'e}rations analytiques et des it{\'e}rations formelles",
title="European {C}onference on {I}teration {T}heory ({B}atschuns, 1989)",
year="1991",
publisher="World Sci. Publ., River Edge, NJ",
pages="257--271",
optkeywords="file-import-09-03-21",
optlocation="Henryk Trappmann (henryk@pool.math.tu-berlin.de)",
optnote="exported from refbase (http://eretrandre.org/rb/show.php?record=47), last updated on Tue, 02 Jun 2009 00:58:43 +0200"
}

@Article{MR565175,
author="Moszner, Z.",
title="Solution g{\'e}n{\'e}rale de l{\textquoteright}{\'e}quation de translation sur un demi-groupe",
journal="Wy\.{z}. Szko\l a Ped. Krakow. Rocznik Nauk.-Dydakt. Prace Mat.",
year="1979",
number="9",
pages="97--104",
optkeywords="file-import-09-03-21",
optlocation="Henryk Trappmann (henryk@pool.math.tu-berlin.de)",
optnote="exported from refbase (http://eretrandre.org/rb/show.php?record=46), last updated on Tue, 02 Jun 2009 00:58:15 +0200"
}

@Article{ref0282.39009,
author="Moszner, Z.",
title="The translation equation and its application",
journal="Demonstr. Math.",
year="1973",
volume="6",
pages="309--327",
optkeywords="file-import-09-03-21",
optlocation="Henryk Trappmann (henryk@pool.math.tu-berlin.de)",
optnote="exported from refbase (http://eretrandre.org/rb/show.php?record=45), last updated on Mon, 25 May 2009 23:32:50 +0200"
}

@Misc{Munafo:Hyper4,
author="Munafo, R.",
title="Extension of the hyper4 function to reals",
year="2000",
optkeywords="bibtex-import",
optlocation="Henryk Trappmann (henryk@pool.math.tu-berlin.de)",
optnote="exported from refbase (http://eretrandre.org/rb/show.php?record=127), last updated on Mon, 25 May 2009 23:32:50 +0200",
opturl="http://home.earthlink.net/\~{}mrob/pub/math/ln-notes1.html\#real-hyper4"
}

@Article{myasnikov:groupsII,
author="Myasnikov, A.G.
and Remeslennikov, V.N.",
title="Exponential groups. II: Extensions of centralizers and tensor completion of CSA-groups",
journal="Int. J. Algebra Comput.",
year="1996",
volume="6",
number="6",
pages="687--711",
optkeywords="a-free-groups",
optkeywords="csa-groups",
optkeywords="exponential-groups",
optkeywords="file-import-09-03-23",
optkeywords="groups-acting-freely-on-trees",
optkeywords="hyperbolic-torsion-free-groups",
optkeywords="tensor-completions",
optlocation="Henryk Trappmann (henryk@pool.math.tu-berlin.de)",
optnote="exported from refbase (http://eretrandre.org/rb/show.php?record=13), last updated on Sat, 13 Jun 2009 13:18:11 +0200",
doi="10.1142/S0218196796000398",
opturl="http://eretrandre.org/rb/files/Myasnikov1996_13.pdf",
opturl=""
}

@Article{myasnikov:groupsI,
author="Myasnikov, A.G.
and Remeslennikov, V.N.",
title="Groups with exponents. I: Fundamentals of the theory and tensor completions",
journal="Sib. Math. J.",
year="1994",
volume="35",
number="5",
pages="986--996",
optkeywords="category-of-groups",
optkeywords="file-import-09-03-23",
optkeywords="groups-with-exponents",
optkeywords="tensor-completions",
optlocation="Henryk Trappmann (henryk@pool.math.tu-berlin.de)",
optnote="exported from refbase (http://eretrandre.org/rb/show.php?record=12), last updated on Sat, 13 Jun 2009 13:17:40 +0200",
doi="10.1007/BF02104576",
opturl="http://eretrandre.org/rb/files/Myasnikov1994_12.pdf",
opturl=""
}

@Article{ref0095.31603,
author="Myrberg, P.J.",
title="Inversion der Iteration f{\"u}r rationale Funktionen",
journal="Ann. Acad. Sci. Fenn., Ser. A I",
year="1960",
volume="292",
pages="14",
optkeywords="analysis",
optkeywords="file-import-09-03-19",
optkeywords="functional",
optlocation="Henryk Trappmann (henryk@pool.math.tu-berlin.de)",
optnote="exported from refbase (http://eretrandre.org/rb/show.php?record=93), last updated on Sun, 22 Nov 2009 11:36:11 +0100"
}

@Article{Neumann:OnOrderedGroups,
author="Neumann, B.H.",
title="On ordered groups",
journal="Amer. J. Math.",
year="1949",
volume="71",
pages="1--18",
optkeywords="bibtex-import",
optlocation="Henryk Trappmann (henryk@pool.math.tu-berlin.de)",
optnote="exported from refbase (http://eretrandre.org/rb/show.php?record=170), last updated on Sun, 18 Apr 2010 17:15:21 +0200",
opturl="http://eretrandre.org/rb/files/Neumann1949_170.pdf",
opturl=""
}

@Article{ref30.0367.02,
author="Painlev{\'e}, P.",
title="Sur le d{\'e}veloppement d{\textquoteright}une branche uniforme de fonction analytique en s{\'e}rie de polyn{\^o}mes",
journal="C. R.",
year="1899",
volume="129",
pages="27--31",
abstract="Anwendungen der in einer fr{\"u}heren Note (vergl. das vorangehende Referat, JFM 30.0367.01) angegebenen Beweismethode des neuesten Mittag-Leffler{\textquoteright}schen Satzes, die schliesslich zu einer Entwickelung von $1/(1-z)$ in eine explicite Reihe von Polynomen f{\"u}hren, welche in der ganzen Ebene bis auf den von $z=1$ aus parallel zur $Y$-Axe gehenden Strahl convergent ist. Wird in dieser Entwickelung $z_j$ {\"u}berall durch $\frac{F^j(0)}{j!}z^j$ ersetzt, so erh{\"a}lt man die Entwickelung eines Zweiges von $F(z)$ innerhalb eines gewissen geradlinigen, bez. krummlinigen sternf{\"o}rmigen Convergenzgebietes ({\'e}toile de convergence).",
optlocation="Henryk Trappmann (henryk@pool.math.tu-berlin.de)",
optnote="exported from refbase (http://eretrandre.org/rb/show.php?record=228), last updated on Fri, 11 Dec 2009 13:58:56 +0100"
}

@Article{Rozsa:Konstruktion,
author="P{\'e}ter, R{\'o}zsa",
title="Konstruktion nichtrekursiver {F}unktionen",
journal="Math. Ann.",
year="1935",
volume="111",
pages="42--60",
optkeywords="bibtex-import",
optkeywords="recursive-functions",
optlocation="Henryk Trappmann (henryk@pool.math.tu-berlin.de)",
optnote="exported from refbase (http://eretrandre.org/rb/show.php?record=125), last updated on Sun, 22 Nov 2009 22:47:17 +0100"
}

@Article{ref1081.17004,
author="Petrogradsky, V.M.",
title="Enumeration of algebras close to absolutely free algebras and binary trees",
journal="J. Algebra",
year="2005",
volume="290",
number="2",
pages="337--371",
optkeywords="absolutely",
optkeywords="algebras",
optkeywords="anticommutative",
optkeywords="binary",
optkeywords="commutative",
optkeywords="file-import-09-03-21",
optkeywords="free",
optkeywords="growth",
optkeywords="of",
optkeywords="rooted",
optkeywords="trees",
optlocation="Henryk Trappmann (henryk@pool.math.tu-berlin.de)",
optnote="exported from refbase (http://eretrandre.org/rb/show.php?record=65), last updated on Mon, 25 May 2009 23:32:50 +0200",
doi="10.1016/j.jalgebra.2004.01.034"
}

@Misc{pietsch:historical,
author="Pietsch, A.",
title="A historical survey of the theory of infinite determinants",
year="1988",
optkeywords="axiomatic-theory-of-determinants",
optkeywords="file-import-09-03-21",
optkeywords="history-of-the-theory-of-infinite-determinants",
optkeywords="nuclear-operators",
optkeywords="traces",
optlocation="Henryk Trappmann (henryk@pool.math.tu-berlin.de)",
optnote="exported from refbase (http://eretrandre.org/rb/show.php?record=28), last updated on Sat, 13 Jun 2009 13:18:48 +0200",
opturl="General topology and its relations to modern analysis and algebra VI, Proc. 6th Symp., Prague/Czech. 1986, Res. Expo. Math. 16, 411-420 (1988).",
opturl="http://eretrandre.org/rb/files/Pietsch1988_28.pdf",
opturl=""
}

@Article{ref1182.30040,
author="Poggi-Corradini, P.",
title="On the uniqueness of classical semiconjugations for self-maps of the disk",
journal="Comput. Methods Funct. Theory",
year="2006",
volume="6",
number="2",
pages="403--421",
optkeywords="analytic selfmaps",
optkeywords="iterates",
optkeywords="semiconjugations",
optkeywords="functional equations",
optkeywords="uniqueness.",
abstract="Summary: We study the uniqueness properties of classical semiconjugations for analytic self-maps of the disk, by characterizing them as canonical solutions to certain functional equations. As a corollary, we obtain a complete description of all possible solutions to such equations.",
optlocation="Henryk Trappmann (henryk@pool.math.tu-berlin.de)",
optnote="exported from refbase (http://eretrandre.org/rb/show.php?record=251), last updated on Sun, 18 Apr 2010 19:38:07 +0200",
opturl="http://www.heldermann.de/CMF/CMF06/CMF062/cmf06020.htm"
}

@Article{ref0398.30014,
author="Pommerenke, C.",
title="On the iteration of analytic functions in a halfplane. I",
journal="J. Lond. Math. Soc., II. Ser.",
year="1979",
volume="19",
pages="439--447",
optkeywords="analytic",
optkeywords="file-import-09-03-19",
optkeywords="functions",
optkeywords="iteration",
optkeywords="of",
optkeywords="univalent",
optlocation="Henryk Trappmann (henryk@pool.math.tu-berlin.de)",
optnote="exported from refbase (http://eretrandre.org/rb/show.php?record=95), last updated on Mon, 25 May 2009 23:32:50 +0200",
doi="10.1112/jlms/s2-19.3.439"
}

@Book{pommerenke:univalent,
author="Pommerenke, C.",
title="Univalent functions.",
series="Studia Mathematica",
year="1975",
publisher="Vandenhoeck &amp; Ruprecht",
volume="XXV",
optlocation="Henryk Trappmann (henryk@pool.math.tu-berlin.de)",
optnote="376 p. with 41 Diagrams,",
optnote="exported from refbase (http://eretrandre.org/rb/show.php?record=201), last updated on Sat, 24 Oct 2009 13:42:00 +0200",
isbn="9783525401330",
opturl="http://eretrandre.org/rb/files/Pommerenke1975_201.djvu",
opturl=""
}

@Article{Praagman:RootsIterations,
author="Praagman, C.",
title="Roots, iterations and logarithms of formal automorphisms",
journal="Aequationes Math.",
year="1987",
volume="33",
number="2-3",
pages="251--259",
optkeywords="bibtex-import",
optlocation="Henryk Trappmann (henryk@pool.math.tu-berlin.de)",
optnote="exported from refbase (http://eretrandre.org/rb/show.php?record=147), last updated on Sun, 22 Nov 2009 22:48:04 +0100"
}

@Book{ref0843.52001,
author="Quaisser, E.",
title="Diskrete Geometrie. Einf{\"u}hrung, Probleme, {\"U}bungen. (Discrete geometry. Introduction, problems, exercises. )",
year="1994",
publisher="Heidelberg: Spektrum Akademischer Verlag. 310 S. DM 48.00; {\"o}S 375.00; sFr. 48.00",
optkeywords="symmetry",
optkeywords="discrete groups",
optkeywords="isometries",
abstract="In Section I we find an introduction which describes the {\textquoteleft}{\textquoteleft}machinery{\textquoteright}{\textquoteright} needed for the sequel (e.g., transformations, orbits, the Burnside lemma). Section II contains the discrete groups of isometries in 1-dimension, 2-dimension (the cyclic and dihedral groups, the 7 frieze groups, the 17 ornamental groups) and finally the groups in 3-dimensional Euclidean space. Section III is devoted to discrete systems of pointsets (e.g., polyominoes, regular tilings, polygonal dissections) and parkettes in the plane (e.g., Escher) and in space. Finally, Section IV is concerned with groups in non-Euclidean geometries. There are hundreds of pictures and diagrams which illuminate the discussion. The text, although somewhat formal, is written in an easy-to-read style. And there are numerous exercises as well as a substantial and useful bibliography. All in all, this is a pleasant, readable book.",
optlocation="Henryk Trappmann (henryk@pool.math.tu-berlin.de)",
optnote="exported from refbase (http://eretrandre.org/rb/show.php?record=229), last updated on Fri, 29 Jan 2010 14:27:54 +0100",
opturl="http://eretrandre.org/rb/files/Quaisser1994_229.djvu",
opturl=""
}

@Article{ref0474.30021,
author="Reich, L.",
title="{\"U}ber die allgemeine L{\"o}sung der Translationsgleichung in Potenzreihenringen",
year="1981",
optkeywords="formal power series",
optkeywords="translation equation",
optkeywords="MR627629",
optlocation="Henryk Trappmann (henryk@pool.math.tu-berlin.de)",
optnote="exported from refbase (http://eretrandre.org/rb/show.php?record=241), last updated on Sun, 18 Apr 2010 18:08:39 +0200"
}

@Book{ref0979.30500,
author="Remmert, R.",
title="Funktionentheorie 1; 4., nochmals verb. Aufl",
series="Grundwissen Mathematik",
year="1995",
publisher="Springer-Verlag",
volume="5",
optlocation="Henryk Trappmann (henryk@pool.math.tu-berlin.de)",
optnote="exported from refbase (http://eretrandre.org/rb/show.php?record=232), last updated on Tue, 30 Mar 2010 17:42:36 +0200",
isbn="3540590757",
opturl="http://eretrandre.org/rb/files/Remmert1995_232.djvu",
opturl=""
}

@Book{ref0925.30002,
author="Remmert, Reinhold",
title="Funktionentheorie 2; 2., korr. Aufl.",
series="Grundwissen Mathematik",
year="1995",
publisher="Springer-Verlag",
volume="6",
optkeywords="analytic function",
optkeywords="Gamma-function",
optkeywords="Weierstrass product",
optkeywords="prescribed zeros",
optkeywords="prescribed principal parts",
optkeywords="domains of holomorphy",
optkeywords="normal families",
optkeywords="Riemann{\textquoteright}s mapping theorem",
optkeywords="Picard-type theorems",
optkeywords="boundary behavior",
optkeywords="Runge theory",
optkeywords="Cauchy integral theory",
optkeywords="homology",
optlocation="Henryk Trappmann (henryk@pool.math.tu-berlin.de)",
optnote="exported from refbase (http://eretrandre.org/rb/show.php?record=231), last updated on Tue, 30 Mar 2010 17:37:29 +0200",
isbn="3540570527",
opturl="http://eretrandre.org/rb/files/Remmert1995_231.djvu",
opturl=""
}

@PhdThesis{Rempe:2003:,
author="Rempe, Lasse",
title="Dynamics of exponential maps",
year="2003",
optlocation="Henryk Trappmann (henryk@pool.math.tu-berlin.de)",
optnote="exported from refbase (http://eretrandre.org/rb/show.php?record=212), last updated on Sun, 22 Nov 2009 11:40:17 +0100",
opturl="http://eretrandre.org/rb/files/Rempe2003_212.pdf",
opturl=""
}

@Article{Reznick:UniquenessCriterion,
author="Reznick, B.A.",
title="A uniqueness criterion for fractional iteration",
journal="Ann. Polon. Math.",
year="1974",
volume="30",
pages="219--224",
optkeywords="bibtex-import",
optlocation="Henryk Trappmann (henryk@pool.math.tu-berlin.de)",
optnote="exported from refbase (http://eretrandre.org/rb/show.php?record=144), last updated on Sun, 22 Nov 2009 22:49:10 +0100"
}

@Article{rice:when,
author="Rice, R.E.
and Schweizer, B.
and Sklar, A.",
title="When is $f(f(z))=az^2+bz+c$?",
journal="Am. Math. Mon.",
year="1980",
volume="87",
pages="252--263",
optkeywords="complex",
optkeywords="file-import-09-03-19",
optkeywords="polynomial",
optlocation="Henryk Trappmann (henryk@pool.math.tu-berlin.de)",
optnote="exported from refbase (http://eretrandre.org/rb/show.php?record=101), last updated on Sat, 13 Jun 2009 13:19:35 +0200",
doi="10.2307/2321556",
opturl="http://eretrandre.org/rb/files/Rice1980_101.pdf",
opturl=""
}

@Book{Richter:Logikkalkuele,
author="Richter, M. M.",
title="Logikkalk{\"u}le",
series="Leitf&quot;aden der Angewandten Mathematik und Mechanik [Guides to Applied Mathematics and Mechanics]",
year="1978",
publisher="B. G. Teubner",
volume="43",
optkeywords="bibtex-import",
optlocation="Henryk Trappmann (henryk@pool.math.tu-berlin.de)",
optnote="exported from refbase (http://eretrandre.org/rb/show.php?record=181), last updated on Sun, 22 Nov 2009 22:49:51 +0100"
}

@Article{scheinermann:when,
author="Scheinerman, E.R.",
title="When close enough is close enough",
journal="Amer. Math. Mon.",
year="2000",
volume="107",
number="6",
pages="489--499",
optkeywords="file-import-09-03-19",
optlocation="Henryk Trappmann (henryk@pool.math.tu-berlin.de)",
optnote="exported from refbase (http://eretrandre.org/rb/show.php?record=97), last updated on Sun, 22 Nov 2009 11:43:37 +0100",
doi="10.2307/2589344",
opturl="http://eretrandre.org/rb/files/Scheinerman2000_97.pdf",
opturl=""
}

@Article{ref0035.35803,
author="Schmeidler, W.",
title="{\"U}ber unbeschr{\"a}nkt iterierbare Operatoren",
journal="J. Reine Angew. Math.",
year="1949",
volume="187",
pages="109--114",
optkeywords="Functional analysis",
optlocation="Henryk Trappmann (henryk@pool.math.tu-berlin.de)",
optnote="exported from refbase (http://eretrandre.org/rb/show.php?record=213), last updated on Sat, 31 Oct 2009 17:23:57 +0100",
opturl="http://eretrandre.org/rb/files/Schmeidler1949_213.pdf",
opturl=""
}

@Article{ref39.0401.01,
author="Schmidt, E.",
title="{\"U}ber die {A}ufl{\"o}sung linearer {G}leichungen mit unendlich vielen Unbekannten",
journal="Palermo Rend.",
year="1908",
volume="25",
pages="53--77",
optkeywords="file-import-09-03-19",
optlocation="Henryk Trappmann (henryk@pool.math.tu-berlin.de)",
optnote="exported from refbase (http://eretrandre.org/rb/show.php?record=106), last updated on Tue, 02 Jun 2009 00:59:53 +0200"
}

@Article{schroeder:iterirte,
author="Schr{\"o}der, Ernst",
title="Ueber iterirte Functionen. (On iterated functions.)",
journal="Clebsch Ann.",
year="1871",
volume="3",
pages="296--322",
optkeywords="file-import-09-05-24",
optkeywords="iterations-of-real-or-complex-functions",
optkeywords="linear fractions",
optkeywords="elliptic functions",
abstract="Ist $F (z)$ eine beliebige eindeutig gegebene Funktion von $z$, so wird die $r$ fach iterite Funktion $F^r (z)$ durch die recurrenten Gleichungen definirt: $$F^1 (z) = F(z),\quad F^2 (z) = FF(z) \dots F^r (z) = F^{r-1} F(z),$$ woraus die Relationen hervorgehen: $$F^{r_1} F^{r_2} (z) = F^{r_1 + r_2} (z) = F^{r_2} F^{r_1} (z)$$ $$\{F^{r_1}\}^{r_2} (z) = F^{r_1 r_2} (z) = \{F^{r_2}\}^{r_1} (z).$$ Durch diese Fundamentalgleichungen ist auch die Ausdehnung des Begriffes iterirter Funktionen f{\"u}r beliebige (reelle und complexe) Werthe von $r$ gegeben. Insbesondere bedeutet $$w = F^{-r}(z)\text{ die Aufl{\"o}sung der Gleichung }F^r (w) = z,$$ $$w = F^{\frac{p}{q}} (z)\text{ die der Gleichung }F^q (w) = F^p (z).$$ Fasst man $F^r (z)$ als Funktion zweier Argumente $r$ und $z$ auf, so kann sie auch durch die Differenzengleichung: $$\varPhi (r, z) = \varPhi (r -- 1 , F (z))$$ mit der Anfangsbedingung $\varPhi (1, z) = F (z)$ definirt werden, zu deren n{\"a}herer Bestimmung die Forderung hinzugef{\"u}gt wird, dass die Funktion einen analytischen Ausdruck habe. Es wird nun zun{\"a}chst f{\"u}r die iterirten Funktionen der von Hoppe (Schl{\"o}milch Z. V. 136) und Serret (Cours d{\textquoteright}alg{\'e}bre sup{\'e}rieure t. II. p. 329) bereits behandelten linear gebrochenen Funktionen $F (z) = \frac{\alpha_0 z + \alpha_1} {\beta_0 z + \beta_1}$, der einzigen, von der bisher die Wiederholungen untersucht sein sollen, eine neue Darstellung gegeben und die Curve, auf welcher sich der Punkt $F^r (z)$ bewegt, wenn $r$ von $-\infty$ bis $+ \infty$ w{\"a}chst, discutirt. Zur Auffindung neuer iterabler Funktionen wird folgendes Princip aufgestellt: Ist $\varPhi (z)$ eine Funktion, deren Iteration $\varPhi^r (z)$ bekannt ist, ist ferner $z = \psi (\zeta)$, mithin $\zeta = \psi^{-1} (z)$, dann ist, wenn man die Funktion bildet: $$F (z) = \psi \{\varPhi (\psi^{-1} (z))\},$$ ihre Wiederholung: $$F^r (z) = \psi \{\varPhi^r (\psi^{-1} (z))\}.$$ Daraus werden die beiden Folgerungen gezogen: 1) Besteht f{\"u}r die Funktion $\psi (\zeta)$ ein Additionstheorem, so dass $$\psi (\zeta + h) = F\{\psi (\zeta)\} \text{ oder } \psi \{\psi^{-1} (z) + h\} = F(z),$$ dann nehme man $\varPhi (\zeta) = \zeta + h$, und man erh{\"a}lt, da $\varPhi^r (\zeta) = \zeta + rh$, f{\"u}r die Wiederholung von $F (z)$: $$F^r (z) = \psi\{\psi^{-1} (z) + rh\}.$$ 2) Besteht f{\"u}r $z = \psi (\zeta)$ ein Multiplikationstheorem, so dass $$\psi (m \zeta) = F(\psi (\zeta)),\text{ oder }\psi\{m \psi^{-1} (z)\} = F(z),$$ dann erhlt man unter der Annahme $\varPhi (\zeta) = m \zeta$, woraus $\varPhi^r (\zeta) = m^r \zeta$ f{\"u}r die Wiederholung von $F (z)$: $$F^r (z) = \psi \{m^r \psi^{-1} (z)\}.$$ Unter den Anwendungen, die von vorstehenden Theoremen gemacht werden, heben wir die Iteration derjenigen rationalen Funktionen hervor, welche erhalten werden, wenn man f{\"u}r $\psi (\zeta)$ die elliptischen Funktionen $(\sin \text{am\,} \zeta)^2$, $\cos \text{am\,} \zeta$, $\varDelta \text{\,am\,} \zeta$ mit dem Modul $k$ w{\"a}hlt, und das Multiplikationstheorem f{\"u}r den speciellen Fall $m = 2$ anwendet. Es ergiebt sich als Iteration der Funktionen: $$F (z) = \frac{4z(1 -- z)(1 -- k^2 z)}{1 -- k^2 z^2 },\quad F(z) = \frac{z^2 -- (1 -- z^2)(1 -- k^2 + k^2 z^2)}{1 -- k^2 (1 -- z^2)^2} ,$$ respective: $$F^r(z) = \left\{ \sin \text{am\,} \left(2^r \int^{\sqrt{z}}_{0} \frac{dx}{\sqrt{(1 -- x^2)(1 -- k^2 x^2)}}\,, k \right) \right\}^2$$ $$F^r (z) = \cos \text{am\,} \left(2^r \int^{\sqrt{1 -- z^2}}_{0} \frac{dx}{\sqrt{(1-x^2) (1 -- k^2 x^2)}}\,, k \right)$$ $(\psi (\zeta) = \varDelta \text{\,am\,} \zeta$ liefert eine Funktion, die aus der $2^{\text{ten}}$ durch Vertauschung von $k$ mit $\frac{1}{k}$ hervorgeht).\par Das oben erw{\"a}hnte Princip liefert ferner, indem f{\"u}r $\psi$ eine linear gebrochene Funktion, f{\"u}r $\varPhi (z)$ die Funktion $\frac{2z}{1_z^2}$ gesetzt wird, deren Wiederholungen unter den Beispielen zu den vorhergehenden Theoremen bereits angegeben sind, die Iteration einer Klasse gebrochener Funktionen $2^{\text{ten}}$ Grades, zwischen deren 5 Coefficientenverh{\"a}ltnissen 2 Relationen bestehen.\par Darauf wird die Iteration solcher Funktionen $F(z)$, die sich durch eine Maclaurin{\textquoteright}sche Potenzreihe mit dem Terme $z$ als Anfangsglied darstellen lassen, eingehend betrachtet, und mit Benutzung der Coefficientenausdr{\"u}cke in der Entwickelung der verschiedenen Potenzen von $F(z)$ nach steigenden Potenzen von $z$ f{\"u}r die Coefficienten der Reihenentwickelung der iterirten Funktion $F^r (z)$ ein Bildungsgesetz aufgestellt, in Folge dessen dieselben als ganze Funktionen von $r$ erscheinen, und welches f{\"u}r $r = -1$ das Umkehrungsproblem der Funktion $F (z)$ enth{\"a}lt. Zum Schluss wird unter Bezugnahme auf eine fr{\"u}here Arbeit des Verfassers (Ueber unendlich viele Algorithmen zur Aufl{\"o}sung der Gleichungen. Clebsch Ann. II. 317 s. p. 42) mit Hilfe der erlangten Ergebnisse der Nachweis geliefert, dass die gebr{\"a}uchlichen N{\"a}herungs-Algorithmen zur Aufl{\"o}sung der Gleichungen: $$z{\textquoteright} = z -- \frac{f}{f{\textquoteright}} \text{ und } z{\textquoteright} = z -- \frac{ff{\textquoteright}}{f{\textquoteright}^2 -- ff{\textquoteright}{\textquoteright}},$$ f{\"u}r eine quadratische Gleichung gegen eine der beiden Wurzeln convergiren.",
optlocation="Henryk Trappmann (henryk@pool.math.tu-berlin.de)",
optnote="http://www.zentralblatt-math.org/zmath/en/advanced/?q=an:16.0376.02&amp;format=complete",
optnote="exported from refbase (http://eretrandre.org/rb/show.php?record=2), last updated on Sun, 18 Apr 2010 20:07:04 +0200",
opturl="http://eretrandre.org/rb/files/Schroeder1871_2.pdf",
opturl=""
}

@Article{ref02.0042.02,
author="Schr{\"o}der, Ernst",
title="Ueber unendlich viele Algorithmen zur Aufl{\"o}sung der Gleichungen. (About infinitely many algorithms for the solution of equations.)",
journal="Clebsch. Ann.",
year="1870",
volume="II",
pages="317--365",
optkeywords="file-import-09-03-23",
optkeywords="numerical-root-approximation",
optkeywords="univariate-polynomial-equation",
abstract="Der Verfasser sucht verschiedene Methoden zur n{\"a}herungsweisen Aufl{\"o}sung der Gleichungen unter einem gemeinschaftlichen Gesichtspunkte zu betrachten, auf Grund einer Methode, die von einem nach Amerika ausgewanderten Mathematiker, Herrn Eggers aus Meklenburg, herr{\"u}hrt. Er kommt dabei zu dem Satze: Ist $f(z)=0$ die gegebene Gleichung, $z$ ein Wurzelwerth derselben, $F(z)$ eine beliebige innerhalb des $z$ umschliessenden Gebietes einwerthige Function, welche die Eigenschaft hat, dass $F(z)=z$ sich ergibt, so kann man $z{\textquoteright}=F(z)$, $z{\textquoteright}{\textquoteright}=F(z{\textquoteright})$, $z{\textquoteright}{\textquoteright}{\textquoteright}=F(z{\textquoteright}{\textquoteright})$ u.s.w. setzen, und gelangt dann auf diese Weise zu einem N{\"a}herungswerthe der Wurzel $z,$ falls mod. $F{\textquoteright}(z)$ kleiner als 1 ist. Hierbei ist die N{\"a}herung von der 1ten Ordnung, wenn $F{\textquoteright}(z)$ nicht gleich Null, sie ist von der $n$ten Ordnung, wenn $$F{\textquoteright}(z)=F{\textquoteright}{\textquoteright}(z)\cdots =F^{n-1}(z)=0$$ ist. Selbstverst{\"a}ndlich muss aber in der ersten N{\"a}herungsgleichung $z{\textquoteright}=F(z)$ die Gr{\"o}sse $z$ einen Werth haben, der von dem Wurzelwerth $z$ nicht {\"u}ber eine gewisse Grenze abweicht, eine Grenze, deren Bestimmung zur Pr{\"a}cision der N{\"a}herungsmethode jedenfalls nothwendig, aber unseres Wissens noch nicht festgestellt ist. F{\"u}r die Newton{\textquoteright}sche Methode ist: $F(z)=z -\frac{f(z)}{f{\textquoteright}(z)}$ und ist hier $F{\textquoteright}(z)=0,$ also die N{\"a}herung von der 2ten Ordnung, wenn nicht die Wurzel $z$ eine mehrfache ist. Im Anschluss an diese Betrachtungen findet der Verfasser auch einen Werth f{\"u}r $F(z),$ wenn dasselbe eine N{\"a}herung von der $n$ten Ordnung darbieten soll, n{\"a}mlich: $$F(z) =z-f\frac{1}{f{\textquoteright}} + \frac{f^2}{2!} \partial \left( \frac{1}{f{\textquoteright}} \right) -\frac{f^3}{3!} \left( \frac{1}{f{\textquoteright}}\partial \right)^2 \left( \frac{1}{f{\textquoteright}} \right) + \cdots$$ $$\cdots + (-1)^{n-1} \frac{f^{n-1}}{n-1!}\left( \frac{1}{f{\textquoteright}}\partial \right)^{n-2} \frac{1}{f{\textquoteright}}-f^n \varphi,$$ wo $\varphi$ eine willk{\"u}rliche Function ist, und der Algorithmus $\left(\frac{1}{f{\textquoteright}}\partial \right)^{n}u $ anzeigt, dass der Differenzialquotient nach $z$ von $u$ mit $\frac{1}{f{\textquoteright}}$ multiplicirt und diese Operation $n$mal wiederholt werden soll; setzt man $n=\infty$, so kommt man zu der bekannten Reihe f{\"u}r die Wurzeln der Gleichungen: $$F=z+ \sum_{a=1}^{a=\infty} (-1)^a \frac{f^a}{a!} \left( \frac{1}{f{\textquoteright}} \partial \right) ^{a-1} \frac{1}{f{\textquoteright}} $$ Auch dieser Entwickelung fehlen die Betrachtungen {\"u}ber die Convergenz der Reihe. Einige Betrachtungen {\"u}ber dieselbe, sowie die Specialisirung der gewonnenen Resultate machen den Schluss der Abhandlung.",
optlocation="Henryk Trappmann (henryk@pool.math.tu-berlin.de)",
optnote="exported from refbase (http://eretrandre.org/rb/show.php?record=10), last updated on Fri, 09 Oct 2009 07:45:21 +0200",
opturl="http://eretrandre.org/rb/files/Schroeder1870_10.pdf",
opturl=""
}

@Article{ref0578.39006,
author="Schwaiger, J.",
title="Roots of formal power series in one variable",
journal="Aequationes Math.",
year="1985",
volume="29",
pages="40--43",
optkeywords="roots",
optkeywords="formal power series",
optkeywords="composition",
optkeywords="semigroup",
abstract="Let $\Omega$ be the set of formal power series $f=\sum\sp{\infty}\sb{i=1}a\sb i x\sp i$ in one variable. This set together with the composition $f\circ g$ of formal power series, forms a semigroup. Let $g\sp{(m)}$ denote the m-th iterative power of g, i.e. the m-th power of g with respect to composition. The author deals with the problem of determining for given f all integers $m\sb j$ such that there exists some $g\in {\O}mega$ with $g\sp{(m)}=f$. The author{\textquoteright}s main theorem provides several sufficient conditions for $f\in {\O}mega$ to have roots of order m.",
optlocation="Henryk Trappmann (henryk@pool.math.tu-berlin.de)",
optnote="exported from refbase (http://eretrandre.org/rb/show.php?record=247), last updated on Sun, 18 Apr 2010 19:07:22 +0200",
opturl="http://eretrandre.org/rb/files/Schwaiger1985_247.pdf",
opturl=""
}

@Article{Sherman:CauchyCompletionPOG,
author="Sherman, B.F.",
title="Cauchy completion of partially ordered groups",
journal="J. Austral. Math. Soc.",
year="1974",
volume="18",
number="2",
pages="222--229",
optkeywords="bibtex-import",
optlocation="Henryk Trappmann (henryk@pool.math.tu-berlin.de)",
optnote="exported from refbase (http://eretrandre.org/rb/show.php?record=166), last updated on Sun, 22 Nov 2009 22:50:42 +0100"
}

@Article{Shi:2009:,
author="Shi, YongGuo
and Chen, Li",
title="Meromorphic iterative roots of linear fractional functions",
journal="Science in China Series A: Mathematics",
year="2009",
volume="52",
number="5",
pages="941--948",
optkeywords="iterative functional equation",
optkeywords="linear fractional function",
optkeywords="meromorphic solution",
optkeywords="matrix equation",
optlocation="Henryk Trappmann (henryk@pool.math.tu-berlin.de)",
optnote="exported from refbase (http://eretrandre.org/rb/show.php?record=191), last updated on Tue, 16 Jun 2009 14:59:18 +0200",
doi="10.1007/s11425-009-0013-y",
opturl="http://eretrandre.org/rb/files/YongGuoShi2009_191.pdf",
opturl=""
}

@Inbook{ref1062.37043,
author="Shishikura, M.",
chapter="Bifurcation of parabolic fixed points",
title="Lei, Tan, The Mandelbrot set, theme and variations. Cambridge: Cambridge University Press. Lond. Math. Soc. Lect. Note Ser. 274, 325-363 (2000).",
year="2000",
abstract="Summary: We present here a foundation of parabolic implosion theory. We show that, in the bifurcation of parabolic fixed-points with one attracting petal, Fatou coordinates exist and depend continuously on the parameter. We study also properties of {\'E}calle cylinders, transition maps and return maps.",
optlocation="Henryk Trappmann (henryk@pool.math.tu-berlin.de)",
optnote="exported from refbase (http://eretrandre.org/rb/show.php?record=230), last updated on Fri, 29 Jan 2010 14:33:40 +0100",
opturl="http://eretrandre.org/rb/files/Shishikura2000_230.djvu",
opturl=""
}

@Article{ref0627.15006,
author="Shivakumar, P.N.
and Williams, J.J.
and Rudraiah, N.",
title="Eigenvalues for infinite matrices",
journal="Linear Algebra Appl.",
year="1987",
volume="96",
pages="35--63",
optkeywords="compact",
optkeywords="diagonally",
optkeywords="disks",
optkeywords="dominant",
optkeywords="eigenvalue",
optkeywords="equation",
optkeywords="file-import-09-03-21",
optkeywords="gershgorin",
optkeywords="infinite",
optkeywords="inverse",
optkeywords="location",
optkeywords="mathieus",
optkeywords="matrices",
optkeywords="systems",
optkeywords="tridiagonal",
optlocation="Henryk Trappmann (henryk@pool.math.tu-berlin.de)",
optnote="exported from refbase (http://eretrandre.org/rb/show.php?record=71), last updated on Mon, 25 May 2009 23:32:50 +0200",
doi="10.1016/0024-3795(87)90335-1"
}

@Article{Shor:QuantumPolynomialFactorization,
author="Shor, P.W.",
title="Polynomial-time algorithms for prime factorization and discrete logarithms on a quantum computer",
journal="SIAM Rev.",
year="1999",
volume="41",
number="2",
pages="303--332",
optkeywords="algorithmic",
optkeywords="bibtex-import",
optkeywords="churchs",
optkeywords="computers",
optkeywords="discrete",
optkeywords="factorization",
optkeywords="foundations",
optkeywords="fourier",
optkeywords="logarithms",
optkeywords="mechanics",
optkeywords="number",
optkeywords="of",
optkeywords="prime",
optkeywords="quantum",
optkeywords="spin",
optkeywords="systems",
optkeywords="theory",
optkeywords="thesis",
optkeywords="transforms",
optlocation="Henryk Trappmann (henryk@pool.math.tu-berlin.de)",
optnote="exported from refbase (http://eretrandre.org/rb/show.php?record=117), last updated on Sun, 22 Nov 2009 22:52:05 +0100"
}

@Article{siegel:iteration,
author="Siegel, C.L.",
title="Iteration of analytic functions",
journal="Ann. Math. (2)",
year="1942",
volume="43",
optkeywords="complex-functions",
optkeywords="file-import-09-03-23",
optlocation="Henryk Trappmann (henryk@pool.math.tu-berlin.de)",
optnote="exported from refbase (http://eretrandre.org/rb/show.php?record=11), last updated on Sun, 22 Nov 2009 11:10:18 +0100",
opturl="http://eretrandre.org/rb/files/Siegel1942_11.pdf",
opturl=""
}

@Article{Sklar:OneDimFlow,
author="Sklar, A.",
title="The structure of one-dimensional flows with continuous trajectories",
journal="Rad. Mat.",
year="1987",
volume="3",
pages="111--142",
optkeywords="bibtex-import",
optlocation="Henryk Trappmann (henryk@pool.math.tu-berlin.de)",
optnote="exported from refbase (http://eretrandre.org/rb/show.php?record=146), last updated on Sun, 22 Nov 2009 22:52:58 +0100"
}

@Article{Smajdor:ExistenceConvexIterationGroups,
author="Smajdor, A.",
title="Note on the existence of convex iteration groups",
journal="Fund. Math.",
year="1975",
volume="87",
number="3",
pages="213--218",
optkeywords="bibtex-import",
optlocation="Henryk Trappmann (henryk@pool.math.tu-berlin.de)",
optnote="exported from refbase (http://eretrandre.org/rb/show.php?record=120), last updated on Sun, 22 Nov 2009 22:53:28 +0100"
}

@Article{Smajdor:SpecialIterationGroups,
author="Smajdor, A.",
title="On some special iteration groups",
journal="Fund. Math.",
year="1973",
volume="83",
number="1",
pages="67--74",
optkeywords="bibtex-import",
optlocation="Henryk Trappmann (henryk@pool.math.tu-berlin.de)",
optnote="exported from refbase (http://eretrandre.org/rb/show.php?record=121), last updated on Sun, 22 Nov 2009 22:54:01 +0100"
}

@Article{ref0664.06003,
author="Stembridge, J.R.",
title="The Bruhat order and iterated exponentials",
journal="J. Comb. Theory, Ser. A",
year="1989",
volume="50",
number="1",
pages="87--99",
optkeywords="partial order",
optkeywords="symmetric group",
optkeywords="hierarchy of iterated exponentials",
optkeywords="Bruhat order",
abstract="Author{\textquoteright}s summary: {\textquoteleft}{\textquoteleft}A partial order on the symmetric group was recently defined by {\it B. W. Brunson} [Am. Math. Mon. 93, 779-786 (1986; Zbl 0621.26002)], based on a hierarchy of iterated exponentials. Several properties either proved or conjectured by Brunson strongly suggest that this partial order is equivalent to the Bruhat order. In this paper, we give a simple, explicit description of the order which disproves the conjectures and shows that, although it is not the Bruhat order, it has a strikingly similar characterization.{\textquoteright}{\textquoteright}",
optlocation="Henryk Trappmann (henryk@pool.math.tu-berlin.de)",
optnote="exported from refbase (http://eretrandre.org/rb/show.php?record=253), last updated on Sun, 18 Apr 2010 23:26:23 +0200",
doi="10.1016/0097-3165(89)90007-1"
}

@Misc{pre05354188,
author="Szekeres, G.",
title="Abel{\textquoteright}s functional equation and its role in the problem of Croissance R{\'e}guli{\'e}re",
year="2008",
optkeywords="abel-function",
optkeywords="regular-iteration",
optkeywords="totally-monotonic",
optlocation="Henryk Trappmann (henryk@pool.math.tu-berlin.de)",
optnote="exported from refbase (http://eretrandre.org/rb/show.php?record=84), last updated on Tue, 02 Jun 2009 00:07:59 +0200",
opturl="Rippon, Philip J. (ed.) et al., Transcendental dynamics and complex analysis. In honour of Noel Baker. Cambridge: Cambridge University Press. London Mathematical Society Lecture Note Series 348, 447-451 (2008)."
}

@Article{szekeres:abels,
author="Szekeres, G.",
title="{A}bel{\textquoteright}s equation and regular growth: Variations on a theme by Abel",
journal="Exp. Math.",
year="1998",
volume="7",
number="2",
pages="85--100",
optkeywords="abel-functional-equation",
optkeywords="fractional-iteration",
optkeywords="numerical-examples",
optkeywords="real-iteration",
optkeywords="regular-growth",
optlocation="Henryk Trappmann (henryk@pool.math.tu-berlin.de)",
optnote="exported from refbase (http://eretrandre.org/rb/show.php?record=85), last updated on Sun, 22 Nov 2009 11:49:35 +0100",
opturl="http://eretrandre.org/rb/files/Szekeres1998_85.pdf",
opturl=""
}

@Article{ref0584.26002,
author="Szekeres, G.",
title="Scales of infinity and {A}bel{\textquoteright}s functional equation",
journal="Math. Chron.",
year="1984",
volume="13",
pages="1--27",
optkeywords="abel-function",
optkeywords="fractional-iteration",
optkeywords="orders-of-infinity",
optkeywords="totally-monotonic",
optlocation="Henryk Trappmann (henryk@pool.math.tu-berlin.de)",
optnote="exported from refbase (http://eretrandre.org/rb/show.php?record=80), last updated on Sun, 22 Nov 2009 09:02:08 +0100"
}

@Article{szekeres:fractional,
author="Szekeres, G.",
title="Fractional iteration of exponentially growing functions",
journal="J. Austral. Math. Soc.",
year="1961",
volume="2",
pages="301--320",
optkeywords="abel-function",
optkeywords="fractional-iteration",
optlocation="Henryk Trappmann (henryk@pool.math.tu-berlin.de)",
optnote="exported from refbase (http://eretrandre.org/rb/show.php?record=150), last updated on Sat, 13 Jun 2009 13:24:45 +0200",
opturl="http://eretrandre.org/rb/files/Szekeres1961_150.pdf",
opturl=""
}

@Article{ref0099.32904,
author="Szekeres, G.",
title="On a theorem of Paul L{\'e}vy",
journal="Publ. Math. Inst. Hung. Acad. Sci., Ser. A",
year="1960",
volume="5",
pages="277--282",
optkeywords="functional analysis",
optlocation="Henryk Trappmann (henryk@pool.math.tu-berlin.de)",
optnote="exported from refbase (http://eretrandre.org/rb/show.php?record=260), last updated on Sun, 18 Apr 2010 23:56:57 +0200"
}

@Article{szekeres:regular,
author="Szekeres, G.",
title="Regular iteration of real and complex functions",
journal="Acta Math.",
year="1958",
volume="100",
pages="203--258",
optkeywords="abel-function",
optkeywords="fractional-iteration",
optkeywords="regular-iteration",
optlocation="Henryk Trappmann (henryk@pool.math.tu-berlin.de)",
optnote="exported from refbase (http://eretrandre.org/rb/show.php?record=142), last updated on Sat, 13 Jun 2009 13:23:27 +0200",
opturl="http://dx.doi.org/",
opturl="http://eretrandre.org/rb/files/Szekeres1958_142.pdf",
opturl=""
}

@Article{Targonski:ProgressSince1981,
author="Targonski, G.",
title="Progress of iteration theory since 1981",
journal="Aequationes Math.",
year="1995",
volume="50",
number="1-2",
pages="50--72",
optkeywords="aczel-jabotinsky",
optkeywords="algebraic",
optkeywords="and",
optkeywords="automata",
optkeywords="bibtex-import",
optkeywords="cellular",
optkeywords="complex",
optkeywords="equations",
optkeywords="experimental",
optkeywords="formal",
optkeywords="fractal",
optkeywords="groups",
optkeywords="iterates",
optkeywords="iteration",
optkeywords="mathematics",
optkeywords="methods",
optkeywords="numerical",
optkeywords="of",
optkeywords="orbit",
optkeywords="phantom",
optkeywords="pilgerschritt",
optkeywords="power",
optkeywords="semigroups",
optkeywords="sequences",
optkeywords="series",
optkeywords="sets",
optkeywords="theory",
optkeywords="transformation",
optlocation="Henryk Trappmann (henryk@pool.math.tu-berlin.de)",
optnote="exported from refbase (http://eretrandre.org/rb/show.php?record=133), last updated on Sun, 22 Nov 2009 22:54:43 +0100"
}

@TechReport{Targonski:NewDirections,
author="Targonski, G.",
title="New directions and open problems in iteration theory",
year="1984",
optkeywords="bibtex-import",
optkeywords="continuous",
optkeywords="embedding",
optkeywords="fractional",
optkeywords="iteration",
optkeywords="open",
optkeywords="orbits",
optkeywords="problems",
optlocation="Henryk Trappmann (henryk@pool.math.tu-berlin.de)",
optnote="exported from refbase (http://eretrandre.org/rb/show.php?record=134), last updated on Sun, 22 Nov 2009 11:45:35 +0100"
}

@Book{Targonski:Topics,
author="Targonski, G.",
title="Topics in iteration theory",
year="1981",
publisher="Studia Mathematica, Skript 6. G{\"o}ttingen: Vandenhoeck &amp; Ruprecht",
optkeywords="analytic",
optkeywords="and",
optkeywords="automata",
optkeywords="bibtex-import",
optkeywords="bifurcation",
optkeywords="chaos",
optkeywords="entropy",
optkeywords="groups",
optkeywords="iteration",
optkeywords="orbits",
optkeywords="research",
optkeywords="roots",
optkeywords="semigroups",
optkeywords="survey",
optkeywords="theory",
optkeywords="topological",
optlocation="Henryk Trappmann (henryk@pool.math.tu-berlin.de)",
optnote="exported from refbase (http://eretrandre.org/rb/show.php?record=172), last updated on Sun, 22 Nov 2009 22:55:40 +0100"
}

@Article{ref0096.04201,
author="Thron, W.J.",
title="Sequences generated by iteration",
journal="Trans. Am. Math. Soc.",
year="1960",
volume="96",
pages="38--53",
optkeywords="series",
optkeywords="summability",
optlocation="Henryk Trappmann (henryk@pool.math.tu-berlin.de)",
optnote="exported from refbase (http://eretrandre.org/rb/show.php?record=219), last updated on Fri, 22 Jan 2010 16:10:20 +0100",
doi="10.2307/1993482",
opturl="http://eretrandre.org/rb/files/Thron1960_219.pdf",
opturl=""
}

@Article{Toepfer:KomplexeIterationsindizes,
author="T{\"o}pfer, H.",
title="Komplexe {I}terationsindizes ganzer und rationaler {F}unktionen",
journal="Math. Ann.",
year="1949",
volume="121",
pages="191--222",
optkeywords="bibtex-import",
optlocation="Henryk Trappmann (henryk@pool.math.tu-berlin.de)",
optnote="exported from refbase (http://eretrandre.org/rb/show.php?record=139), last updated on Sun, 22 Nov 2009 22:56:17 +0100"
}

@PhdThesis{Trappmann:arborescent,
author="Trappmann, H.",
title="Arborescent numbers: {H}igher arithmetic operations and division trees",
year="2007",
school="University of Potsdam",
optkeywords="higher-operations",
optkeywords="non-associative",
optkeywords="numbers",
optkeywords="tetration",
optlocation="Henryk Trappmann (henryk@pool.math.tu-berlin.de)",
optnote="exported from refbase (http://eretrandre.org/rb/show.php?record=81), last updated on Mon, 17 May 2010 11:50:48 +0200",
opturl="http://opus.kobv.de/ubp/volltexte/2007/1524/",
opturl="http://eretrandre.org/rb/files/Trappmann2007_81.pdf",
opturl=""
}

@Article{Trappmann:uniqueness,
author="Trappmann, H.
and Kouznetsov, D.",
title="Uniqueness of holomorphic {A}bel functions at a complex fixed point pair",
journal="Aequationes Math.",
year="2010",
volume="accepted",
optkeywords="abel-function",
optkeywords="holomorphic",
optkeywords="super-exponential",
optkeywords="uniqueness",
optlocation="Henryk Trappmann (henryk@pool.math.tu-berlin.de)",
optnote="(under review)",
optnote="exported from refbase (http://eretrandre.org/rb/show.php?record=82), last updated on Mon, 17 May 2010 11:53:00 +0200",
opturl="http://eretrandre.org/rb/files/Trappmann2009_82.pdf",
opturl=""
}

@Article{Trappmann:shellability,
author="Trappmann, H.
and Ziegler, G.M.",
title="Shellability of complexes of trees",
journal="J. Comb. Theory, Ser. A",
year="1998",
volume="82",
number="2",
pages="168--178",
optkeywords="shellability",
optkeywords="simplicial complex",
optkeywords="Cohen-Macaulay complex",
optkeywords="free Lie algebra",
optkeywords="tree complex",
abstract="Let ${\cal F}^{(k)}_{n}$ be a simplicial complex of dimension $n-2$ whose facets correspond to the leaf-labelled trees with $n$ interior vertices of degree exactly $k+1$. This complex has interesting applications in homotopy theory, in the representation theory of symmetric groups and in the theory of free Lie $k$-algebras. Previously it has been proved by {\it P. Hanlon} [J. Comb. Theory, Ser. A 74, 301-320 (1996; Zbl 0848.05021)] that ${\cal F}^{(k)}_{n}$ are Cohen-Macaulay. The paper under review provides a proof of shellability of ${\cal F}^{(k)}_{n}$. Additionally an explicit basis for the homology of this complex is obtained; this basis is equivalent to the basis constructed by {\it P. Hanlon} and {\it M. Wachs} [Adv. Math. 113, 206-236 (1995; Zbl 0844.17001)] for the multiplicity-free part of the free Lie $k$-algebra. The main result of this paper was also obtained independently by M. Wachs.",
optlocation="Henryk Trappmann (henryk@pool.math.tu-berlin.de)",
optnote="exported from refbase (http://eretrandre.org/rb/show.php?record=262), last updated on Mon, 17 May 2010 11:52:08 +0200"
}

@Article{traub:nth,
author="Traub, J.F.",
title="On the $n$-th derivative of the inverse function",
journal="Am. Math. Mon.",
year="1962",
volume="69",
pages="904--907",
optkeywords="differentiation-and-integration",
optkeywords="file-import-09-03-21",
optkeywords="measure-theory",
optlocation="Henryk Trappmann (henryk@pool.math.tu-berlin.de)",
optnote="exported from refbase (http://eretrandre.org/rb/show.php?record=27), last updated on Sat, 13 Jun 2009 13:27:22 +0200",
doi="10.2307/2311244",
opturl="http://eretrandre.org/rb/files/Traub1962_27.pdf",
opturl=""
}

@Article{ref0998.12014,
author="van den Dries, L.
and Macintyre, A.
and Marker, D.",
title="Logarithmic-exponential series",
journal="Ann. Pure Appl. Logic",
year="2001",
volume="111",
number="1-2",
pages="61--113",
optlocation="Henryk Trappmann (henryk@pool.math.tu-berlin.de)",
optnote="exported from refbase (http://eretrandre.org/rb/show.php?record=207), last updated on Sat, 31 Oct 2009 16:48:45 +0100",
doi="10.1016/S0168-0072(01)00035-5",
opturl="http://eretrandre.org/rb/files/vandenDries2001_207.pdf",
opturl=""
}

@Article{ref1019.16032,
author="van der Hoeven, J.",
title="Operators on generalized power series",
journal="Ill. J. Math.",
year="2001",
volume="45",
number="4",
pages="1161--1190",
optkeywords="monomials",
optkeywords="operator theory",
optkeywords="generalized power series rings",
optkeywords="Noetherian operators",
optkeywords="implicit function theorem",
abstract="The ring of series constructed on a ring $C$ with the monomials from a totally ordered set (or a partially ordered set) $M$ has been studied by H. Hahn (respectively by G. Higman) in 1907 (respectively in 1952). If $C$ is a field and $M$ is a totally ordered group, then Hahn proved that this ring is a field. In this paper, the author develops an operator theory for generalized power series of the above form. He considers the linear and multilinear cases, then the case of Noetherian operators on the ring of series, for which he proves an implicit function theorem that can be used for explicitly solving general types of functional equations.",
optlocation="Henryk Trappmann (henryk@pool.math.tu-berlin.de)",
optnote="exported from refbase (http://eretrandre.org/rb/show.php?record=209), last updated on Sat, 31 Oct 2009 16:56:23 +0100",
opturl="http://eretrandre.org/rb/files/vanderHoeven2001_209.pdf",
opturl=""
}

@Article{Viana:hairs,
author="Viana da Silva, M.",
title="The differentiability of the hairs of exp(Z)",
journal="Proc. Am. Math. Soc.",
year="1988",
volume="103",
number="4",
pages="1179--1184",
optkeywords="iterate",
optkeywords="itinerary",
optkeywords="hair",
abstract="In studying the dynamics of the map $z\to $\lambda$ e\sp z$, where $$\lambda$ =$\rho$ e\sp{i\vartheta}$, $-$\pi$ \le \vartheta &lt;$\pi$$, $$\rho$ &gt;0$, {\it R. L. Devaney} and {\it M. Krych}, Ergodic Theory Dyn. Syst. 4, 35-52 (1984; Zbl 0567.58025), introduced the itinerary $S=(S\sb n)$ of a point $z:S\sb n$, $n=0,1,2,...$, is the integer such that $$ 2(S\sb n-1)$\pi$ \le Im f\sp n(z)+\vartheta &lt;2(S\sb n+1)$\pi$. $$ If S is the f-itinerary of some point z then there is a real $\hat x=\vert z\vert +2$\pi$$ such that $(2(S\sb n)+1)$\pi$ +\vert \vartheta \vert \le g\sp n(\hat x)$, where $g(z)=$\rho$ e\sp n$. The tail of the hair of f associated to s is $T(s)=\{z:$ z has itinerary s and for all n, Re $f\sp n(z)\ge g\sp n(\hat x)\}$. Let $s\sp k$ denote the k-th shift of s. Then the hair of f associated with s is $C(s)=\cup\sp{\infty}\sb{k=0}C\sb k(s)$, where $C\sb k(s)$ is the connected component of $f\sp{-k}(T(s\sp k))$ which contains T. The author constructs a parametrization $\beta$ : [\^x,$\infty)\to T$ which is $C\sp{\infty}$ and thus shows that the hair C is a smooth curve.",
optlocation="Henryk Trappmann (henryk@pool.math.tu-berlin.de)",
optnote="exported from refbase (http://eretrandre.org/rb/show.php?record=233), last updated on Tue, 30 Mar 2010 20:22:00 +0200",
opturl="http://eretrandre.org/rb/files/VianadaSilva1988_233.pdf",
opturl=""
}

@Article{ref0612.30025,
author="Vrscay, E.R.
and Gilbert, W.J.",
title="Extraneous fixed points, basin boundaries and chaotic dynamics for Schr{\"o}der and K{\"o}nig rational iteration functions",
journal="Numer. Math.",
year="1988",
volume="52",
pages="1--16",
optkeywords="fractals",
optkeywords="Newton",
abstract="The Schr{\"o}der and K{\"o}nig iteration schemes to find the zeros of a (polynomial) function g(z) represent generalizations of Newton",
optlocation="Henryk Trappmann (henryk@pool.math.tu-berlin.de)",
optnote="exported from refbase (http://eretrandre.org/rb/show.php?record=214), last updated on Sat, 31 Oct 2009 17:27:45 +0100",
opturl="http://eretrandre.org/rb/files/Vrscay1988_214.pdf",
opturl=""
}

@Article{Walker:zeros,
author="Walker, Peter L.",
title="The zeros of the partial sums of the exponential series",
journal="Amer. Math. Monthly",
year="2003",
volume="110",
number="4",
pages="337--339",
optkeywords="file-import-09-03-21",
optlocation="Henryk Trappmann (henryk@pool.math.tu-berlin.de)",
optnote="exported from refbase (http://eretrandre.org/rb/show.php?record=73), last updated on Sun, 11 Oct 2009 09:15:51 +0200",
opturl="http://eretrandre.org/rb/files/Walker2003_73.pdf",
opturl=""
}

@Article{Walker:solutions,
author="Walker, Peter L.",
title="On the solutions of an {A}belian functional equation",
journal="J. Math. Anal. Appl.",
year="1991",
volume="155",
number="1",
pages="93--110",
optkeywords="abel",
optkeywords="analytic",
optkeywords="equation",
optkeywords="file-import-09-03-19",
optkeywords="iterations",
optkeywords="solutions",
abstract="The paper is principally concerned with solutions of the Abel equation $(*)\quad f(e\sp{z/e})=f(z)+1.$ Studying iterations of $1-e\sp{-z}$ and $\log (1+z)$ at zero two distinct solutions of (*) are obtained, which are analytic on domains which include the intervals (-$\infty,e)$ and $(e,+\infty)$, respectively. \par Actually, the first one is analytic and satisfies (*) in particular for Re z$&lt;e$ and has period $2\pi$ ie, whereas the second is analytic on ${\bbfC}\setminus (-\infty,e]$ and satisfies (*) for $z\in {\bbfC}\setminus (-\infty,e]$ such that $\vert Im z\vert &lt;\pi e$. Numerical values of those functions for some real and complex values of the argument are also determined.[K.Baron]",
optlocation="Henryk Trappmann (henryk@pool.math.tu-berlin.de)",
optnote="exported from refbase (http://eretrandre.org/rb/show.php?record=109), last updated on Tue, 17 Nov 2009 22:26:13 +0100",
doi="10.1016/0022-247X(91)90029-Y",
opturl="http://www.zentralblatt-math.org/zmath/en/advanced/?q=an:0716.39006",
opturl="http://eretrandre.org/rb/files/Walker1991_109.pdf",
opturl=""
}

@Article{Walker:infinitely,
author="Walker, Peter L.",
title="Infinitely differentiable generalized logarithmic and exponential functions",
journal="Math. Comput.",
year="1991",
volume="57",
number="196",
pages="723--733",
optkeywords="differentiable",
optkeywords="exponential",
optkeywords="file-import-09-03-19",
optkeywords="function",
optkeywords="functions",
optkeywords="generalized",
optkeywords="infinitely",
optkeywords="iterative",
optkeywords="logarithmic",
optkeywords="procedure",
optkeywords="solutions",
abstract="By a natural iterative procedure, the author constructs a $C\sp \infty$ real function $h$ satisfying the functional equation $h(e\sp x)=e\sp{h(x)}-1$, $x\in \bbfR$. Using this $h$ and some of his earlier results [Bull. Austr. Math. Soc. 38, No. 3, 351-356 (1988; Zbl 0643.39002) and J. Math. Anal. Appl. 155, No. 1, 93-110 (1991; Zbl 0716.39006)] he finds $C\sp \infty$ solutions $G$ of the functional equation $G(e\sp x)=G(x)+1$, $x\in \bbfR$.\par The solution $G$ is called a generalized logarithmic function.[J.Matkowski (Bielsko-Bia{\l}a)]",
optlocation="Henryk Trappmann (henryk@pool.math.tu-berlin.de)",
optnote="exported from refbase (http://eretrandre.org/rb/show.php?record=111), last updated on Sun, 11 Oct 2009 10:09:34 +0200",
doi="10.2307/2938713",
opturl="http://www.zentralblatt-math.org/zmath/en/advanced/?q=an:0742.39005",
opturl="http://eretrandre.org/rb/files/Walker1991_111.pdf",
opturl=""
}

@Article{Walker:exponential,
author="Walker, Peter L.",
title="The exponential of iteration of $e\sp x-1$",
journal="Proc. Am. Math. Soc.",
year="1990",
volume="110",
number="3",
pages="611--620",
optkeywords="abel-equation",
optkeywords="abel-function",
optkeywords="asymptotic-solution",
optkeywords="decremented-exponential",
optkeywords="entire-solution",
abstract="Let an entire function $\phi (z)=z+\sum\sp{\infty}\sb{n=1}c\sb nz\sp{n+1}$ be given with $c\sb 1&gt;0$ and $c\sb n\ge 0$ for $n&gt;1$ and put $a=c\sb 1$, $b=(c\sb 2-c\sp 2\sb 1)/c\sb 1$. It has been proved in a previous paper of the author [Bull. Aust. Math. Soc. 38, 351-356 (1988; Zbl 0643.39002)] that if $b\ne 0$ and $c\sb 3&lt;c\sp 3\sb 1$, then for all $w\in {\bbfC}$ there exists the limit $$ \lim\sb{n\to \infty}\phi\sp n[1/(a(n-w)-b \log n)] $$ and it defines an entire nonconstant solution f of the equation $$ f(w+1)=\phi [f(w)]. $$ In the present paper the author studies properties of this function f in the case where $\phi (z)=e\sp z- 1$. In particular he locates its zeros and asymptotic values, shows that its derivative is never zero and for any $B&gt;0$ the set $\{$ z: Re f(z)$&gt;B\}$ has finite area (and, consequently, for any $A&gt;2$ the set $\{$ z: $\vert f(z)\vert &gt;A\}$ has finite area). The paper ends with some open question and a conjecture.[K.Baron]",
optlocation="Henryk Trappmann (henryk@pool.math.tu-berlin.de)",
optnote="exported from refbase (http://eretrandre.org/rb/show.php?record=90), last updated on Sun, 11 Oct 2009 10:12:14 +0200",
doi="10.2307/2047901",
opturl="http://www.zentralblatt-math.org/zmath/en/advanced/?q=an:0709.39007",
opturl="http://eretrandre.org/rb/files/Walker1990_90.pdf",
opturl=""
}

@Article{Walker:class,
author="Walker, Peter L.",
title="A class of functional equations which have entire solutions",
journal="Bull. Aust. Math. Soc.",
year="1988",
volume="38",
number="3",
pages="351--356",
optkeywords="abelian",
optkeywords="entire",
optkeywords="equation",
optkeywords="file-import-09-03-19",
optkeywords="functional",
optkeywords="solutions",
abstract="We consider the Abelian functional equation $g(\phi (z))=g(z)+1$, where $\phi$ is a given entire function and g is to be found. The inverse function $f=g\sp{-1}$ (if one exists) must satisfy $f(x+1)=\phi (f(w))$. We show that for a wide class of entire functions, which includes $\phi (z)=e\sp z-1$, the latter equation has a non-constant entire solution.",
optlocation="Henryk Trappmann (henryk@pool.math.tu-berlin.de)",
optnote="exported from refbase (http://eretrandre.org/rb/show.php?record=110), last updated on Sun, 11 Oct 2009 10:13:43 +0200",
opturl="http://www.zentralblatt-math.org/zmath/en/advanced/?q=an:0643.39002",
opturl="http://eretrandre.org/rb/files/Walker1988_110.pdf",
opturl=""
}

@Article{Ward:Note,
author="Ward, M.",
title="Note on the iteration of functions of one variable",
journal="Bulletin A. M. S.",
year="1934",
volume="40",
pages="688--690",
optkeywords="bibtex-import",
optlocation="Henryk Trappmann (henryk@pool.math.tu-berlin.de)",
optnote="exported from refbase (http://eretrandre.org/rb/show.php?record=136), last updated on Sun, 22 Nov 2009 22:58:05 +0100",
opturl="http://eretrandre.org/rb/files/Ward1934_136.pdf",
opturl=""
}

@Article{Ward:ContinuousIteration,
author="Ward, M.
and Fuller, F.B.",
title="The continuous iteration of real functions",
journal="Bull. Am. Math. Soc.",
year="1936",
volume="42",
pages="393--396",
optkeywords="bibtex-import",
optlocation="Henryk Trappmann (henryk@pool.math.tu-berlin.de)",
optnote="exported from refbase (http://eretrandre.org/rb/show.php?record=137), last updated on Sun, 22 Nov 2009 22:58:47 +0100"
}

@Book{Warner:TopologicalFields,
author="Warner, S.",
title="Topological fields",
series="North-Holland Mathematics Studies",
year="1989",
publisher="North-Holland Publishing Co.",
volume="157",
optkeywords="bibtex-import",
optlocation="Henryk Trappmann (henryk@pool.math.tu-berlin.de)",
optnote="exported from refbase (http://eretrandre.org/rb/show.php?record=171), last updated on Sun, 22 Nov 2009 23:00:13 +0100"
}

@Misc{Wolfram:NKSOpenProblems-2003-June,
author="Wolfram, S.",
title="A new kind of science: open problems and projects",
year="2003",
optkeywords="bibtex-import",
optlocation="Henryk Trappmann (henryk@pool.math.tu-berlin.de)",
optnote="exported from refbase (http://eretrandre.org/rb/show.php?record=130), last updated on Mon, 25 May 2009 23:32:50 +0200",
opturl="http://www.wolframscience.com/openproblems/NKSOpenProblems.pdf"
}

@Article{ref0030.25103,
author="Wright, E.M.",
title="Iteration of the exponential function",
journal="Q. J. Math., Oxf. Ser.",
year="1947",
volume="18",
pages="228--235",
optkeywords="Complex functions",
optlocation="Henryk Trappmann (henryk@pool.math.tu-berlin.de)",
optnote="exported from refbase (http://eretrandre.org/rb/show.php?record=217), last updated on Fri, 06 Nov 2009 08:05:19 +0100",
issn="0033-5606",
doi="doi:10.1093/qmath/os-18.1.228",
opturl="http://eretrandre.org/rb/files/Wright1947_217.pdf",
opturl=""
}

@Article{ref0732.06001,
author="Wright, J.B.
and Wagner, E.G.
and Thatcher, J.W.",
title="A uniform approach to inductive posets and inductive closure",
journal="Theor. Comput. Sci.",
year="1978",
volume="7",
pages="57--77",
optkeywords="file-import-09-03-21",
optkeywords="fixed-point-semantics-for-programming-languages",
optkeywords="inductive-closure",
optkeywords="inductive-posets",
optkeywords="z-completeness",
optkeywords="z-continuity",
optkeywords="z-set",
optlocation="Henryk Trappmann (henryk@pool.math.tu-berlin.de)",
optnote="exported from refbase (http://eretrandre.org/rb/show.php?record=50), last updated on Mon, 25 May 2009 23:32:50 +0200",
doi="10.1016/0304-3975(78)90040-3"
}

@Article{Zdun:RegularFractionalIteration,
author="Zdun, M.C.",
title="Regular fractional iterations",
journal="Aequationes Math.",
year="1985",
volume="28",
number="1-2",
pages="73--79",
optkeywords="bibtex-import",
optlocation="Henryk Trappmann (henryk@pool.math.tu-berlin.de)",
optnote="exported from refbase (http://eretrandre.org/rb/show.php?record=118), last updated on Sun, 22 Nov 2009 23:00:56 +0100"
}

@Article{Zdun:DifferentiableFractionalIteration,
author="Zdun, M.C.",
title="Differentiable fractional iteration",
journal="Bull. Acad. Polon. Sci. S{\textquoteright}er. Sci. Math. Astronom. Phys.",
year="1977",
volume="25",
number="7",
pages="643--646",
optkeywords="bibtex-import",
optlocation="Henryk Trappmann (henryk@pool.math.tu-berlin.de)",
optnote="exported from refbase (http://eretrandre.org/rb/show.php?record=119), last updated on Sun, 22 Nov 2009 23:01:31 +0100"
}

